2438 3832
122 160 185 225 100
442 159 588 215 calvini
607 157 804 214 CLAVDIANI

113 323 202 387 Haec
225 322 321 387 modo
346 323 516 407 crescenti,
538 323 653 406 plenae
675 327 739 406 par'
758 321 859 385 altera
882 321 991 386 lunae:

114 409 274 498 Adsurgit
297 433 354 476 ceu
378 412 462 475 forte
485 411 592 475 minor
615 410 675 475 sub
699 414 801 474 matre
824 409 943 474 virenti

114 501 240 564 Laurus
264 504 296 564 et
319 500 468 586 ingentes
492 522 598 563 ramos
623 499 765 582 olimque
790 499 918 563 futuras
1082 518 1135 566 245

114 588 284 654 Promittit
308 589 373 652 iam
396 610 495 672 parva
518 610 640 673 comas,
663 588 714 652 vel
737 589 816 652 flore
840 588 900 651 sub
924 609 989 651 uno

116 677 181 742 Ceu
204 677 352 764 geminae
375 677 534 741 Paestana
557 699 649 740 rosae
672 699 729 761 per
752 677 864 763 iugera
887 680 1038 762 regnant:

116 765 205 830 Haec
228 766 321 852 largo
344 771 472 830 matura
495 766 546 829 die
569 769 779 848 saturataque
801 765 909 829 vernis

115 855 258 918 Roribus
282 855 430 940 indulget
454 853 574 939 spatio,
597 854 677 917 latet
701 855 802 917 altera
824 854 910 918 nodo

114 941 184 1008 Nec
206 943 327 1007 teneris
352 942 448 1007 audet
471 942 561 1006 foliis
586 943 755 1006 admittere
779 943 872 1006 soles.
1081 960 1134 1011 250

181 1029 322 1096 Adstitit
346 1036 378 1096 et
401 1030 518 1095 blande
540 1030 678 1095 Mariam
703 1030 861 1114 Cytherea
885 1031 1020 1095 salutat:

115 1119 222 1185 ‘Salve
247 1120 388 1185 sidereae
411 1120 519 1204 proles
543 1124 682 1206 augusta
706 1119 855 1205 Serenae,

115 1209 308 1296 Magnorum
332 1209 462 1273 suboles
486 1231 599 1294 regum
622 1209 830 1292 parituraque
852 1230 954 1295 reges.

115 1298 160 1362 Te
182 1304 316 1383 propter
338 1298 480 1381 Paphias
504 1296 594 1360 sedes
620 1297 825 1381 Cyprumque
848 1297 980 1382 reliqui,

114 1386 160 1451 Te
182 1390 315 1471 propter
338 1386 437 1449 libuit
460 1389 570 1450 tantos
595 1386 722 1469 explere
745 1385 873 1449 labores
1081 1402 1133 1452 255

114 1475 159 1539 Et
182 1478 310 1539 tantum
333 1479 501 1538 transnare
525 1474 639 1558 maris,
661 1497 702 1538 ne
725 1474 822 1538 vilior
844 1475 931 1538 ultra

114 1563 265 1629 Privatos
287 1567 433 1647 paterere
456 1562 539 1626 lares
562 1585 626 1626 neu
648 1568 793 1646 tempore
817 1563 916 1649 longo

114 1653 244 1717 Dilatos
268 1651 393 1716 iuvenis
412 1651 551 1715 nutriret
574 1649 741 1715 Honorius
765 1651 866 1737 ignes.

114 1740 235 1826 Accipe
257 1741 422 1805 fortunam
446 1740 587 1826 generis,
611 1740 756 1804 diadema
779 1761 918 1825 resume,

116 1829 209 1907 Quod
231 1829 357 1893 tribuas
380 1828 481 1913 natis,
505 1832 537 1893 et
560 1829 596 1892 in
618 1828 697 1892 haec
718 1829 897 1912 penetralia
920 1848 1047 1913 rursus,
1079 1844 1133 1893 260

115 1918 208 1983 Vnde
230 1940 347 2003 parens
370 1939 555 2003 progressa,
578 1917 654 1981 redi.
700 1917 765 1982 Fac
787 1917 878 1981 nulla
902 1917 1034 1981 subesse

115 2007 255 2072 Vincula
279 2010 447 2092 cognatae:
472 2005 619 2089 quamvis
643 2005 748 2070 aliena
771 2005 889 2070 fuisses

114 2095 336 2179 Principibus,
359 2117 494 2180 regnum
517 2099 646 2177 poteras
669 2096 731 2158 hoc
755 2117 809 2158 ore
832 2094 956 2159 mereri.

116 2184 204 2261 Quae
226 2185 360 2269 propior
383 2183 519 2267 sceptris
543 2182 667 2247 facies?
691 2183 748 2266 qui
772 2183 902 2269 dignior
925 2183 999 2247 aula
1081 2199 1133 2249 264

115 2274 236 2339 Vultus
260 2272 343 2337 erit?
388 2271 465 2336 Non
488 2271 580 2335 labra
603 2293 709 2357 rosae,
731 2294 798 2336 non
821 2271 905 2336 colla
927 2271 1079 2356 pruinae,

114 2362 191 2427 Non
214 2361 318 2425 crines
342 2363 481 2442 aequant
504 2359 622 2444 violae,
644 2382 711 2424 non
733 2360 857 2424 lumina
880 2360 1035 2424 flammae.

116 2449 219 2527 Quam
243 2449 345 2513 iuneti
368 2448 483 2511 leviter
507 2470 577 2512 sese
600 2448 785 2513 discrimine
809 2449 933 2513 confert

115 2538 240 2602 Vmbra
264 2536 443 2621 supercilii!
466 2536 581 2601 miscet
605 2559 701 2620 quam
724 2537 811 2601 iusta
834 2537 990 2620 pudorem

115 2625 299 2710 Temperies
321 2625 424 2690 nimio
446 2647 506 2689 nee
529 2626 686 2712 sanguine
709 2625 829 2690 candor
852 2625 1007 2690 abundat!

115 2715 262 2780 Aurorae
285 2715 388 2779 vincis
412 2713 534 2800 digitos
557 2736 750 2797 umerosque
772 2715 910 2801 Dianae,
1078 2730 1132 2781 2⁷0

114 2803 224 2890 Ipsam
247 2805 312 2868 iam
336 2825 468 2887 superas
491 2808 635 2867 matrem.
682 2803 717 2867 si
740 2803 886 2868 Bacchus
910 2807 1036 2868 amator

116 2893 230 2958 Dotali
253 2892 362 2976 potuit
386 2892 509 2955 caelum
533 2891 662 2977 signare
685 2914 816 2978 corona,

117 2981 182 3048 Cur
204 2981 305 3047 nullis
327 2980 421 3067 virgo
445 2981 614 3045 redimitur
636 2981 804 3066 pulchrior
827 2981 947 3046 astris?

115 3070 185 3137 Iam
207 3071 272 3136 tibi
294 3070 429 3134 molitur
453 3070 617 3134 stellantia
641 3075 726 3135 serta
749 3071 869 3135 Bootes

115 3159 218 3244 [uque
242 3159 337 3223 decus
360 3158 482 3222 Mariae
505 3158 571 3222 iam
594 3159 699 3224 sidera
722 3158 862 3243 parturit
886 3158 1003 3222 aether.
1079 3173 1132 3222 275

117 3248 144 3313 0
169 3249 268 3334 digno
290 3247 446 3311 nectenda
469 3247 539 3310 viro
564 3249 712 3331 tantique
734 3270 792 3332 per
815 3247 926 3311 orbem

118 3337 259 3402 Consors
283 3335 423 3419 imperii!
448 3335 513 3399 iam
536 3340 568 3399 te
591 3336 798 3401 venerabitur
819 3336 945 3421 Hister,

116 3426 245 3491 Nomen
267 3424 448 3489 adorabunt
470 3424 597 3510 populi3
620 3425 685 3489 iam
707 3425 841 3490 Rhenus
864 3431 896 3490 et
919 3423 1014 3489 Albis

110 3514 255 3598 Serriet;
277 3514 313 3578 in
336 3513 460 3578 medios
484 3513 548 3576 ibis
571 3514 683 3600 regina
707 3514 913 3602 Sygambros.
