2438 3832
434 717 811 792 EPITHALAMIVM

240 861 302 934 DE
330 861 527 936 NVPTIIS
555 861 758 935 HONORII
785 860 1005 935 Avavsrl.

500 1039 741 1101 PRAEFATIO.

587 1174 661 1246 ox.)

115 1285 268 1373 Surgeret
291 1286 326 1349 in
348 1284 528 1348 thalamum
552 1285 648 1349 ducto
672 1307 744 1348 cum
766 1284 883 1349 Pelion
905 1307 981 1349 arcu

158 1375 227 1439 Nec
250 1377 377 1458 caperet
399 1377 509 1437 tantos
532 1373 663 1458 hospita
685 1377 772 1438 terra
795 1373 884 1460 deos,

117 1462 198 1528 Cum
222 1484 313 1526 socer
336 1483 514 1545 aequoreus
536 1484 772 1546 numerosaque
795 1463 891 1527 turba
916 1485 1063 1526 sororum

160 1551 328 1616 Cartarent
352 1551 456 1635 epulis
480 1551 668 1615 continuare
692 1551 760 1615 dies

112 1641 350 1724 Praeberetque
372 1637 443 1704 Iovi
467 1640 650 1704 communia
672 1641 789 1724 pocula
814 1639 948 1726 Chiron,
1114 1657 1131 1706 t

158 1729 304 1795 Molliter
327 1728 461 1812 obliqua
483 1733 575 1813 parte
598 1730 724 1793 refusus
748 1729 837 1815 equi,

112 1818 239 1884 Peneus
262 1817 388 1904 gelidos
411 1822 551 1882 mutaret
574 1822 702 1882 nectare
725 1819 846 1902 fontes,

159 1907 288 1972 Oetaeis
310 1907 447 1970 fluerent
470 1929 602 1990 spumea
624 1906 700 1971 vina
723 1906 823 1993 iugis:

113 1996 327 2080 Terpsichore
350 1995 479 2061 facilem
502 1995 623 2060 lascivo
646 1995 764 2079 pollice
787 1994 890 2059 movit

159 2085 319 2149 Barbiton
342 2089 374 2149 et
396 2085 511 2149 molles
536 2084 628 2148 duxit
651 2084 687 2148 in
710 2087 802 2147 antra
826 2084 950 2148 choros.
1095 2102 1129 2150 10

116 2174 266 2239 Carmina
288 2195 347 2237 nec
371 2174 496 2257 superis
518 2195 578 2237 nec
602 2172 793 2256 displicuere
816 2172 971 2257 Tonanti,

161 2263 241 2327 Cum
264 2261 383 2326 teneris
407 2265 541 2324 nossent
565 2282 707 2346 congrua
729 2265 806 2325 vota
829 2262 943 2326 modis,

117 2351 271 2416 Centauri
293 2349 461 2432 Faunique
484 2353 612 2435 negant.
660 2348 747 2425 Quae
770 2350 898 2414 flectere
920 2350 1086 2435 Rhoeton,

160 2438 248 2515 Quae
270 2437 413 2523 rigidum
435 2442 585 2521 poterant
607 2439 730 2521 plectra
753 2460 881 2503 movere
903 2439 1068 2502 Pholum?

115 2614 260 2699 Septima
283 2616 339 2679 lux
363 2614 473 2679 aderat
496 2616 583 2679 caelo
607 2615 792 2700 totiensque
815 2621 927 2680 renato
1096 2635 1130 2682 15

158 2704 293 2769 Viderat
316 2708 446 2768 exactos
469 2704 633 2788 Hesperus
657 2705 733 2791 igne
756 2705 885 2769 choros:

113 2793 197 2857 Tum
219 2793 384 2878 Phoebus,
408 2815 472 2876 quo
497 2815 574 2857 saxa
598 2793 720 2879 domat,
744 2817 807 2877 quo
831 2794 991 2878 pertrahit
1019 2816 1131 2880 omos,

157 2881 290 2946 Pectine
313 2882 485 2965 temptavit
507 2882 669 2946 nobiliore
692 2883 796 2967 lyram

113 2971 359 3054 Venturumque
383 2971 483 3035 sacris
506 2970 625 3034 fidibus
650 2971 715 3034 iam
738 2971 874 3055 spondet
897 2970 1072 3058 Achillem,

163 3058 232 3123 Iam
254 3059 416 3146 Phrygias
440 3059 564 3144 caedes,
588 3060 653 3123 iam
677 3059 842 3124 Simoenta
866 3061 961 3126 canit.
1095 3077 1130 3126 90

112 3147 281 3213 Frondoso
306 3149 444 3232 strepuit
467 3148 546 3212 felix
569 3147 775 3232 Hymenaeus
799 3148 952 3235 Olympo;

159 3237 318 3323 Reginam
341 3241 494 3301 resonant
518 3236 639 3320 Othrys
662 3241 694 3301 et
718 3236 800 3301 Ossa
822 3237 960 3303 Thetim.
