2438 3832
101 128 145 194 60
431 128 576 184 CLAVDII
594 125 796 183 CLAVDIANI

99 290 272 356 nemesio
296 313 370 376 spes
393 291 463 356 sola
485 291 575 356 mari.
621 289 725 356 Trans
747 289 871 356 Phasin
893 294 1037 376 aguntur
1066 308 1124 358 acc
1152 341 1157 348 ·

101 380 328 464 Cappadocum
350 385 483 462 matreS,
507 380 708 464 stabulisque
732 379 871 446 abducta
893 380 1039 463 paternis

82 468 271 553 vCaucasias
295 469 422 553 captiva
445 469 563 533 bibunt
586 473 731 534 armenta
753 469 887 553 pruinas

99 558 145 623 Et
169 556 330 642 Scythicis
353 562 481 623 mutant
504 557 624 645 Argaei
646 557 767 642 pabula
791 557 890 622 silvis.

51 646 54 650 ‘
98 647 202 711 Extra
227 645 428 732 Cimmerias,
451 646 631 712 Taurorum
654 647 809 732 claustra,
832 645 966 730 paludes

97 734 176 800 Flos
200 733 311 820 Syriae
335 735 442 806 servit.
488 733 609 819 Spoliis
631 756 691 799 nec
714 735 837 800 sufficit
859 739 954 799 atrox
1066 752 1124 803 auo

98 823 276 889 Barbarus:
298 824 334 888 in
356 824 484 888 caedem
507 827 637 889 vertunt
660 823 790 888 fastidia
813 824 957 908 praedae.

74 987 79 994 k
165 911 225 977 Ille
248 916 357 977 tamen
380 910 474 1000 (quid
492 913 577 977 enim
601 934 728 976 servum
746 913 943 997 mollemque
961 911 1124 996 pudebit?

99 999 167 1065 Aut
191 1000 269 1084 quid
290 1001 325 1066 in
347 1001 411 1066 hoc
432 1001 554 1086 poterit
576 1001 670 1066 vultu
693 1001 830 1091 flagrare
853 999 1019 1088 ruborist)

99 1088 164 1154 Pro
187 1091 309 1155 victore
333 1090 429 1155 redit:
451 1091 597 1176 peditum
619 1089 737 1154 vexilla
761 1093 941 1173 sequuntur

98 1178 145 1243 Et
167 1183 292 1243 turmae
316 1179 438 1244 similes
462 1179 745 1262 eunuchorumque
768 1178 916 1263 manipli,
1066 1195 1121 1245 aas

98 1265 371 1351 Hellespontiacis
394 1269 480 1355 legio
504 1268 693 1354 dignissima
717 1267 827 1353 signis.

100 1354 223 1420 Obvius
246 1357 293 1420 ire
317 1357 417 1420 cliens
440 1356 703 1439 defensoremque
726 1377 891 1420 reversum

100 1442 287 1528 Complecti.
334 1444 445 1509 Placet
467 1445 536 1529 ipse
560 1444 623 1509 sibi
645 1444 800 1527 laxasque
823 1443 951 1509 laborat

98 1532 300 1598 Distendisse
323 1555 422 1620 genas
445 1534 621 1616 fictumque
644 1532 777 1596 inflatus
800 1532 945 1617 anhelat,

85 1620 236 1685 Pulvere
259 1643 424 1704 respersus
447 1623 552 1686 tineas
575 1624 608 1686 et
631 1621 756 1684 solibus
780 1642 836 1685 ora
1066 1637 1121 1688 260

98 1709 267 1795 Pallidior,
290 1710 461 1793 verbisque
484 1714 579 1775 sonat
601 1710 760 1794 plorabile
784 1708 936 1794 quiddam

98 1797 194 1862 Vltra
216 1799 394 1882 nequitiam
417 1799 528 1863 fractis
552 1802 584 1863 et
606 1798 730 1882 proelia
752 1802 864 1863 narrat

98 1887 223 1971 Perque
247 1909 338 1950 suam
361 1887 499 1953 tremula
522 1891 662 1953 testatur
684 1907 762 1951 voce
786 1908 943 1951 sororem:

98 1975 262 2040 Defecisse
285 1997 384 2062 vagas
408 1976 448 2040 ad
470 1975 600 2060 publica
624 1975 791 2041 commoda
813 1975 912 2059 vires3

101 2063 218 2128 Cedere
241 2064 336 2129 livori
359 2087 418 2130 nec
442 2070 622 2130 sustentare
645 2063 805 2148 procedas
1064 2080 1119 2130 265

97 2151 253 2239 Invidiae3
276 2155 441 2240 mergique
465 2154 557 2218 fretis
582 2152 807 2237 spumantibus
832 2154 911 2215 orat.
1142 2173 1144 2176 ⁴

98 2241 284 2326 Exoretque
307 2243 446 2308 utinam!
491 2242 578 2306 Dum
601 2240 680 2306 talia
703 2239 791 2304 fatur
812 2240 956 2324 ineptus,

98 2331 253 2417 Deterget
276 2331 425 2395 lacrimas
448 2335 545 2413 atque
567 2331 653 2395 inter
675 2328 804 2415 singula
827 2327 912 2392 dicta

98 2418 223 2483 Flebile
246 2419 400 2502 suspirat:
425 2419 530 2502 qualis
552 2419 641 2483 venit
664 2417 753 2482 arida
776 2437 888 2481 socrus

97 2507 325 2593 Longinquam
347 2508 456 2572 visura
477 2530 609 2594 nurum,
632 2507 686 2572 vix
708 2505 795 2571 lassa
817 2504 937 2570 resedit
1064 2522 1119 2571 270

98 2594 144 2659 Et
166 2595 232 2660 iam
254 2596 329 2660 vina
351 2598 442 2680 pet't.

486 2683 570 2761 Quid
592 2689 639 2771 te,
662 2684 863 2768 turpissime,
886 2681 981 2748 bellis

98 2772 218 2838 luseris
242 2778 298 2839 aut
322 2775 408 2838 saevi
430 2777 628 2858 pertemptas
650 2772 784 2837 Pallada
807 2772 934 2856 campi?

84 2862 148 2949 =Tu
171 2866 264 2947 potes
288 2863 421 2928 alterius
445 2862 560 2927 studiis
585 2861 716 2926 haerere
739 2860 902 2925 Minervae

97 2951 143 3016 ut
166 2952 262 3037 telas„
283 2973 351 3016 non
373 2951 439 3016 tela
461 2951 543 3037 pati,
566 2955 603 3015 tu
627 2950 765 3015 stamina
787 2970 898 3034 nosse,

99 3040 148 3104 Tu
172 3063 286 3128 segnes
310 3063 443 3125 operum
466 3040 581 3104 sollers
603 3061 719 3127 urgere
741 3039 866 3123 puellas
1063 3053 1117 3103 27⁶

97 3128 143 3193 Et
165 3130 293 3202 niveam
315 3130 463 3194 dominae
485 3129 594 3213 pensis
616 3128 780 3194 involvere
803 3127 919 3191 lanam.

97 3217 173 3304 Vel,
197 3220 225 3282 si
249 3241 339 3284 sacra
361 3219 508 3303 placent,
530 3217 651 3282 habeas
673 3239 733 3301 pro
755 3215 860 3281 Marte
885 3214 1051 3300 Cybeben,

99 3305 209 3372 Rauca
233 3307 426 3373 Celaenaeos
449 3307 490 3370 ad
512 3311 667 3392 tympana
690 3305 775 3369 disce
798 3305 934 3370 furores.

100 3393 256 3478 Cymbala
278 3396 361 3462 ferre
385 3397 461 3460 licet
483 3400 659 3481 pectusque
682 3393 816 3459 inlidere
838 3394 919 3478 pinu

97 3481 246 3572 Inguinis
270 3490 303 3551 et
324 3486 485 3570 reliquum
507 3485 660 3573 Phrygiis
683 3483 846 3549 abscidere
870 3482 992 3549 cultris.
1064 3496 1118 3547 280
