<?xml version="1.0" encoding="UTF-8"?>
<!DOCTYPE html PUBLIC "-//W3C//DTD XHTML 1.0 Transitional//EN"
    "http://www.w3.org/TR/xhtml1/DTD/xhtml1-transitional.dtd">
<html xmlns="http://www.w3.org/1999/xhtml" xml:lang="en" lang="en">
 <head>
  <title>
</title>
<meta http-equiv="Content-Type" content="text/html;charset=utf-8" />
  <meta name='ocr-system' content='tesseract 3.04.00' />
  <meta name='ocr-capabilities' content='ocr_page ocr_carea ocr_par ocr_line ocrx_word'/>
</head>
<body>
  <div class='ocr_page' id='page_1' title='image "./claudiiclaudian05claugoog_0297.png"; bbox 0 0 2438 3832; ppageno 0'>
   <div class='ocr_carea' id='block_1_1' title="bbox 117 142 813 206">
    <p class='ocr_par' dir='ltr' id='par_1_1' title="bbox 117 142 813 206">
     <span class='ocr_line' id='line_1_1' title="bbox 117 142 813 206; baseline -0.013 0"><span class='ocrx_word' id='word_1_1' title='bbox 117 143 182 206; x_wconf 77' lang='grc'>228</span> <span class='ocrx_word' id='word_1_2' title='bbox 448 143 595 197; x_wconf 79' lang='lat' dir='ltr'><strong>CLAVDII</strong></span> <span class='ocrx_word' id='word_1_3' title='bbox 614 142 813 198; x_wconf 83' lang='lat' dir='ltr'>CLAVDIANl</span> 
     </span>
    </p>
   </div>
   <div class='ocr_carea' id='block_1_2' title="bbox 116 305 1137 481">
    <p class='ocr_par' dir='ltr' id='par_1_2' title="bbox 116 305 1137 481">
     <span class='ocr_line' id='line_1_2' title="bbox 116 305 887 393; baseline 0 -23"><span class='ocrx_word' id='word_1_4' title='bbox 116 305 273 370; x_wconf 85' lang='lat' dir='ltr'>Mollibus</span> <span class='ocrx_word' id='word_1_5' title='bbox 297 306 479 393; x_wconf 82' lang='lat' dir='ltr'>exurgitst</span> <span class='ocrx_word' id='word_1_6' title='bbox 449 310 531 370; x_wconf 91' lang='lat' dir='ltr'>srat</span> <span class='ocrx_word' id='word_1_7' title='bbox 532 305 561 370; x_wconf 85' lang='lat' dir='ltr'>is</span> <span class='ocrx_word' id='word_1_8' title='bbox 583 306 731 391; x_wconf 90' lang='lat' dir='ltr'>interque</span> <span class='ocrx_word' id='word_1_9' title='bbox 754 328 887 370; x_wconf 90' lang='lat' dir='ltr'>suorum</span> 
     </span>
     <span class='ocr_line' id='line_1_3' title="bbox 116 386 1137 481; baseline 0.005 -23"><span class='ocrx_word' id='word_1_10' title='bbox 116 394 245 481; x_wconf 85' lang='lat' dir='ltr'>Agmen</span> <span class='ocrx_word' id='word_1_11' title='bbox 267 395 332 458; x_wconf 91' lang='lat' dir='ltr'>et</span> <span class='ocrx_word' id='word_1_12' title='bbox 322 417 508 459; x_wconf 87' lang='lat' dir='ltr'>mnumeros</span> <span class='ocrx_word' id='word_1_13' title='bbox 531 395 754 478; x_wconf 81' lang='lat' dir='ltr'>Hymenaeum</span> <span class='ocrx_word' id='word_1_14' title='bbox 778 395 903 478; x_wconf 81' lang='lat' dir='ltr'>quaerit</span> <span class='ocrx_word' id='word_1_15' title='bbox 926 386 1063 460; x_wconf 80' lang='lat' dir='ltr'>Amores</span> <span class='ocrx_word' id='word_1_16' title='bbox 1101 415 1137 466; x_wconf 85' lang='lat'>30</span> 
     </span>
    </p>
   </div>
   <div class='ocr_carea' id='block_1_3' title="bbox 53 481 1134 3583">
    <p class='ocr_par' dir='ltr' id='par_1_3' title="bbox 53 481 1134 1169">
     <span class='ocr_line' id='line_1_4' title="bbox 117 481 999 570; baseline 0.003 -23"><span class='ocrx_word' id='word_1_17' title='bbox 117 481 228 570; x_wconf 87' lang='lat' dir='ltr'>(Hunc</span> <span class='ocrx_word' id='word_1_18' title='bbox 250 483 345 547; x_wconf 90' lang='lat' dir='ltr'>Musa</span> <span class='ocrx_word' id='word_1_19' title='bbox 367 484 514 570; x_wconf 87' lang='lat' dir='ltr'>genitum</span> <span class='ocrx_word' id='word_1_20' title='bbox 537 483 617 570; x_wconf 86' lang='lat' dir='ltr'>legit</span> <span class='ocrx_word' id='word_1_21' title='bbox 641 482 800 569; x_wconf 77' lang='lat' dir='ltr'>Cytherea</span> <span class='ocrx_word' id='word_1_22' title='bbox 824 484 999 569; x_wconf 89' lang='lat' dir='ltr'>ducemque</span> 
     </span>
     <span class='ocr_line' id='line_1_5' title="bbox 115 571 1028 659; baseline 0.002 -24"><span class='ocrx_word' id='word_1_23' title='bbox 115 571 313 637; x_wconf 86' lang='lat' dir='ltr'>Praefecitt</span> <span class='ocrx_word' id='word_1_24' title='bbox 262 572 466 659; x_wconf 83' lang='lat' dir='ltr'>tthalamis3</span> <span class='ocrx_word' id='word_1_25' title='bbox 488 573 646 637; x_wconf 89' lang='lat' dir='ltr'>nullum</span> <span class='ocrx_word' id='word_1_26' title='bbox 637 572 780 637; x_wconf 80' lang='lat' dir='ltr'>iunxisse</span> <span class='ocrx_word' id='word_1_27' title='bbox 804 572 910 637; x_wconf 78' lang='lat' dir='ltr'>cubile</span> <span class='ocrx_word' id='word_1_28' title='bbox 1024 621 1028 628; x_wconf 90' lang='lat'><em>.</em></span> 
     </span>
     <span class='ocr_line' id='line_1_6' title="bbox 115 659 981 748; baseline 0.002 -24"><span class='ocrx_word' id='word_1_29' title='bbox 115 659 188 725; x_wconf 89' lang='lat' dir='ltr'>Hoc</span> <span class='ocrx_word' id='word_1_30' title='bbox 213 660 281 724; x_wconf 89' lang='lat' dir='ltr'>sine</span> <span class='ocrx_word' id='word_1_31' title='bbox 303 683 362 725; x_wconf 84' lang='lat' dir='ltr'>nec</span> <span class='ocrx_word' id='word_1_32' title='bbox 384 661 506 745; x_wconf 91' lang='lat' dir='ltr'>primas</span> <span class='ocrx_word' id='word_1_33' title='bbox 529 662 579 725; x_wconf 87' lang='lat' dir='ltr'>fas</span> <span class='ocrx_word' id='word_1_34' title='bbox 603 665 652 726; x_wconf 88' lang='lat' dir='ltr'>est</span> <span class='ocrx_word' id='word_1_35' title='bbox 675 662 824 725; x_wconf 85' lang='lat' dir='ltr'>attollere</span> <span class='ocrx_word' id='word_1_36' title='bbox 847 659 981 748; x_wconf 79' lang='lat' dir='ltr'>taedas).</span> 
     </span>
     <span class='ocr_line' id='line_1_7' title="bbox 119 748 1076 834; baseline 0.002 -22"><span class='ocrx_word' id='word_1_37' title='bbox 119 748 325 832; x_wconf 76' lang='lat' dir='ltr'>Conspicitur</span> <span class='ocrx_word' id='word_1_38' title='bbox 348 750 485 814; x_wconf 89' lang='lat' dir='ltr'>tandem.</span> <span class='ocrx_word' id='word_1_39' title='bbox 522 749 660 814; x_wconf 84' lang='lat' dir='ltr'>Platano</span> <span class='ocrx_word' id='word_1_40' title='bbox 683 771 822 834; x_wconf 92' lang='lat' dir='ltr'>namque</span> <span class='ocrx_word' id='word_1_41' title='bbox 844 750 900 813; x_wconf 91' lang='lat' dir='ltr'>ille</span> <span class='ocrx_word' id='word_1_42' title='bbox 924 750 985 814; x_wconf 89' lang='lat' dir='ltr'>sub</span> <span class='ocrx_word' id='word_1_43' title='bbox 1009 751 1076 815; x_wconf 88' lang='lat' dir='ltr'>alta</span> 
     </span>
     <span class='ocr_line' id='line_1_8' title="bbox 115 837 1134 922; baseline 0.004 -21"><span class='ocrx_word' id='word_1_44' title='bbox 115 837 222 901; x_wconf 85' lang='lat' dir='ltr'>Fusus</span> <span class='ocrx_word' id='word_1_45' title='bbox 244 838 430 922; x_wconf 81' lang='lat' dir='ltr'>inaequales</span> <span class='ocrx_word' id='word_1_46' title='bbox 454 860 526 902; x_wconf 89' lang='lat' dir='ltr'>cera</span> <span class='ocrx_word' id='word_1_47' title='bbox 548 838 679 902; x_wconf 85' lang='lat' dir='ltr'>texebat</span> <span class='ocrx_word' id='word_1_48' title='bbox 702 861 819 903; x_wconf 85' lang='lat' dir='ltr'>avenas</span> <span class='ocrx_word' id='word_1_49' title='bbox 1099 856 1134 905; x_wconf 87' lang='lat'>35</span> 
     </span>
     <span class='ocr_line' id='line_1_9' title="bbox 56 925 874 1011; baseline 0 -21"><span class='ocrx_word' id='word_1_50' title='bbox 56 1000 59 1004; x_wconf 11' lang='grc' dir='ltr'><strong>Α</strong></span> <span class='ocrx_word' id='word_1_51' title='bbox 116 925 359 1009; x_wconf 86' lang='lat' dir='ltr'>Maenaliosque</span> <span class='ocrx_word' id='word_1_52' title='bbox 382 926 495 991; x_wconf 90' lang='lat' dir='ltr'>modos</span> <span class='ocrx_word' id='word_1_53' title='bbox 520 931 552 991; x_wconf 88' lang='lat' dir='ltr'>et</span> <span class='ocrx_word' id='word_1_54' title='bbox 574 927 751 1011; x_wconf 75' lang='lat' dir='ltr'>pastoralia</span> <span class='ocrx_word' id='word_1_55' title='bbox 774 926 874 991; x_wconf 85' lang='lat' dir='ltr'>labris</span> 
     </span>
     <span class='ocr_line' id='line_1_10' title="bbox 53 1012 964 1102; baseline 0.001 -24"><span class='ocrx_word' id='word_1_56' title='bbox 53 1012 55 1017; x_wconf 75' lang='grc'><strong>’</strong></span> <span class='ocrx_word' id='word_1_57' title='bbox 116 1014 284 1079; x_wconf 90' lang='lat' dir='ltr'>Murmura</span> <span class='ocrx_word' id='word_1_58' title='bbox 306 1016 488 1099; x_wconf 85' lang='lat' dir='ltr'>temptabat</span> <span class='ocrx_word' id='word_1_59' title='bbox 510 1016 657 1102; x_wconf 89' lang='lat' dir='ltr'>relegens</span> <span class='ocrx_word' id='word_1_60' title='bbox 681 1015 810 1100; x_wconf 85' lang='lat' dir='ltr'>orisque</span> <span class='ocrx_word' id='word_1_61' title='bbox 833 1037 964 1079; x_wconf 84' lang='lat' dir='ltr'>recursu</span> 
     </span>
     <span class='ocr_line' id='line_1_11' title="bbox 114 1103 963 1169; baseline 0 -2"><span class='ocrx_word' id='word_1_62' title='bbox 114 1103 316 1168; x_wconf 87' lang='lat' dir='ltr'>Dissimilem</span> <span class='ocrx_word' id='word_1_63' title='bbox 339 1105 429 1169; x_wconf 89' lang='lat' dir='ltr'>tenui</span> <span class='ocrx_word' id='word_1_64' title='bbox 451 1105 598 1169; x_wconf 84' lang='lat' dir='ltr'>variabat</span> <span class='ocrx_word' id='word_1_65' title='bbox 621 1104 800 1168; x_wconf 89' lang='lat' dir='ltr'>harundine</span> <span class='ocrx_word' id='word_1_66' title='bbox 822 1108 963 1168; x_wconf 89' lang='lat' dir='ltr'>ventum.</span> 
     </span>
    </p>

    <p class='ocr_par' dir='ltr' id='par_1_4' title="bbox 113 1192 1132 1718">
     <span class='ocr_line' id='line_1_12' title="bbox 182 1192 1109 1287; baseline 0 -31"><span class='ocrx_word' id='word_1_67' title='bbox 182 1192 318 1256; x_wconf 85' lang='lat' dir='ltr'>Restitit</span> <span class='ocrx_word' id='word_1_68' title='bbox 341 1197 379 1256; x_wconf 88' lang='lat' dir='ltr'>ut</span> <span class='ocrx_word' id='word_1_69' title='bbox 401 1193 482 1258; x_wconf 90' lang='lat' dir='ltr'>vidit</span> <span class='ocrx_word' id='word_1_70' title='bbox 504 1192 676 1278; x_wconf 81' lang='lat' dir='ltr'>Venerem,</span> <span class='ocrx_word' id='word_1_71' title='bbox 700 1193 876 1280; x_wconf 84' lang='lat' dir='ltr'>digitisque</span> <span class='ocrx_word' id='word_1_72' title='bbox 898 1192 1043 1257; x_wconf 88' lang='lat' dir='ltr'>remissis</span> <span class='ocrx_word' id='word_1_73' title='bbox 1101 1270 1109 1287; x_wconf 43' lang='grc'><em>“</em></span> 
     </span>
     <span class='ocr_line' id='line_1_13' title="bbox 113 1280 1132 1347; baseline 0.003 -3"><span class='ocrx_word' id='word_1_74' title='bbox 113 1280 166 1344; x_wconf 91' lang='lat' dir='ltr'>Ad</span> <span class='ocrx_word' id='word_1_75' title='bbox 188 1285 309 1345; x_wconf 88' lang='lat' dir='ltr'>terram</span> <span class='ocrx_word' id='word_1_76' title='bbox 331 1281 431 1347; x_wconf 86' lang='lat' dir='ltr'>tacito</span> <span class='ocrx_word' id='word_1_77' title='bbox 456 1282 589 1346; x_wconf 86' lang='lat' dir='ltr'>defluxit</span> <span class='ocrx_word' id='word_1_78' title='bbox 613 1282 723 1346; x_wconf 89' lang='lat' dir='ltr'>fistula</span> <span class='ocrx_word' id='word_1_79' title='bbox 746 1283 835 1346; x_wconf 84' lang='lat' dir='ltr'>flatu.</span> <span class='ocrx_word' id='word_1_80' title='bbox 1095 1294 1132 1347; x_wconf 83' lang='lat'>40</span> 
     </span>
     <span class='ocr_line' id='line_1_14' title="bbox 113 1369 886 1456; baseline 0 -24"><span class='ocrx_word' id='word_1_81' title='bbox 113 1369 216 1432; x_wconf 82' lang='lat' dir='ltr'>Dulce</span> <span class='ocrx_word' id='word_1_82' title='bbox 238 1370 360 1433; x_wconf 85' lang='lat' dir='ltr'>micant</span> <span class='ocrx_word' id='word_1_83' title='bbox 384 1370 482 1456; x_wconf 81' lang='lat' dir='ltr'>oculi3</span> <span class='ocrx_word' id='word_1_84' title='bbox 505 1370 616 1434; x_wconf 89' lang='lat' dir='ltr'>niveas</span> <span class='ocrx_word' id='word_1_85' title='bbox 639 1370 794 1434; x_wconf 84' lang='lat' dir='ltr'>infecerat</span> <span class='ocrx_word' id='word_1_86' title='bbox 817 1369 886 1456; x_wconf 83' lang='lat' dir='ltr'>igni</span> 
     </span>
     <span class='ocr_line' id='line_1_15' title="bbox 114 1457 1077 1545; baseline -0.001 -23"><span class='ocrx_word' id='word_1_87' title='bbox 114 1457 234 1541; x_wconf 84' lang='lat' dir='ltr'>Solque</span> <span class='ocrx_word' id='word_1_88' title='bbox 257 1459 424 1542; x_wconf 93' lang='lat' dir='ltr'>pudorque</span> <span class='ocrx_word' id='word_1_89' title='bbox 448 1481 564 1545; x_wconf 81' lang='lat' dir='ltr'>genas3</span> <span class='ocrx_word' id='word_1_90' title='bbox 588 1458 718 1522; x_wconf 90' lang='lat' dir='ltr'>dubiam</span> <span class='ocrx_word' id='word_1_91' title='bbox 741 1458 906 1544; x_wconf 84' lang='lat' dir='ltr'>lanuginis</span> <span class='ocrx_word' id='word_1_92' title='bbox 928 1457 1077 1521; x_wconf 91' lang='lat' dir='ltr'>umbram</span> 
     </span>
     <span class='ocr_line' id='line_1_16' title="bbox 115 1545 943 1632; baseline 0 -23"><span class='ocrx_word' id='word_1_93' title='bbox 115 1545 279 1610; x_wconf 78' lang='lat' dir='ltr'>Caesaries</span> <span class='ocrx_word' id='word_1_94' title='bbox 301 1545 432 1611; x_wconf 89' lang='lat' dir='ltr'>intonsa</span> <span class='ocrx_word' id='word_1_95' title='bbox 455 1547 547 1632; x_wconf 87' lang='lat' dir='ltr'>tegit.</span> <span class='ocrx_word' id='word_1_96' title='bbox 583 1546 678 1610; x_wconf 89' lang='lat' dir='ltr'>Prior</span> <span class='ocrx_word' id='word_1_97' title='bbox 699 1547 771 1631; x_wconf 92' lang='lat' dir='ltr'>ipsa</span> <span class='ocrx_word' id='word_1_98' title='bbox 795 1547 943 1611; x_wconf 77' lang='lat' dir='ltr'>silentem</span> 
     </span>
     <span class='ocr_line' id='line_1_17' title="bbox 114 1633 308 1718; baseline 0.005 -20"><span class='ocrx_word' id='word_1_99' title='bbox 114 1633 308 1718; x_wconf 83' lang='lat' dir='ltr'>Compellat:</span> 
     </span>
    </p>

    <p class='ocr_par' dir='ltr' id='par_1_5' title="bbox 372 1722 1064 1809">
     <span class='ocr_line' id='line_1_18' title="bbox 372 1722 1064 1809; baseline -0.003 -21"><span class='ocrx_word' id='word_1_100' title='bbox 372 1722 623 1809; x_wconf 51' lang='lat' dir='ltr'>‘Numquamne</span> <span class='ocrx_word' id='word_1_101' title='bbox 645 1746 739 1808; x_wconf 83' lang='lat' dir='ltr'>puer,</span> <span class='ocrx_word' id='word_1_102' title='bbox 763 1723 879 1786; x_wconf 85' lang='lat' dir='ltr'>dilecta</span> <span class='ocrx_word' id='word_1_103' title='bbox 902 1722 1064 1807; x_wconf 88' lang='lat' dir='ltr'>relinques</span> 
     </span>
    </p>

    <p class='ocr_par' dir='ltr' id='par_1_6' title="bbox 109 1810 1130 2783">
     <span class='ocr_line' id='line_1_19' title="bbox 113 1810 1130 1896; baseline 0.001 -21"><span class='ocrx_word' id='word_1_104' title='bbox 113 1811 284 1876; x_wconf 81' lang='lat' dir='ltr'>Carmina?</span> <span class='ocrx_word' id='word_1_105' title='bbox 307 1813 463 1876; x_wconf 74' lang='lat' dir='ltr'>maternis</span> <span class='ocrx_word' id='word_1_106' title='bbox 485 1835 662 1896; x_wconf 90' lang='lat' dir='ltr'>numquam</span> <span class='ocrx_word' id='word_1_107' title='bbox 686 1811 846 1876; x_wconf 89' lang='lat' dir='ltr'>satiabere</span> <span class='ocrx_word' id='word_1_108' title='bbox 870 1810 962 1875; x_wconf 92' lang='lat' dir='ltr'>donis</span> <span class='ocrx_word' id='word_1_109' title='bbox 1094 1827 1130 1876; x_wconf 84' lang='lat'>45</span> 
     </span>
     <span class='ocr_line' id='line_1_20' title="bbox 111 1899 937 1985; baseline -0.002 -21"><span class='ocrx_word' id='word_1_110' title='bbox 111 1900 227 1965; x_wconf 91' lang='lat' dir='ltr'>Dedite</span> <span class='ocrx_word' id='word_1_111' title='bbox 250 1900 418 1965; x_wconf 85' lang='lat' dir='ltr'>Musarum</span> <span class='ocrx_word' id='word_1_112' title='bbox 442 1901 549 1965; x_wconf 86' lang='lat' dir='ltr'>studio</span> <span class='ocrx_word' id='word_1_113' title='bbox 572 1901 771 1985; x_wconf 89' lang='lat' dir='ltr'>nimiumque</span> <span class='ocrx_word' id='word_1_114' title='bbox 793 1899 937 1984; x_wconf 82' lang='lat' dir='ltr'>parentis</span> 
     </span>
     <span class='ocr_line' id='line_1_21' title="bbox 111 1987 1040 2066; baseline -0.001 -14"><span class='ocrx_word' id='word_1_115' title='bbox 111 1987 269 2053; x_wconf 85' lang='lat' dir='ltr'>Aemule‘?</span> <span class='ocrx_word' id='word_1_116' title='bbox 307 1988 390 2066; x_wconf 82' lang='lat' dir='ltr'>Quid</span> <span class='ocrx_word' id='word_1_117' title='bbox 412 1989 517 2053; x_wconf 91' lang='lat' dir='ltr'>medio</span> <span class='ocrx_word' id='word_1_118' title='bbox 541 1993 648 2053; x_wconf 89' lang='lat' dir='ltr'>tecum</span> <span class='ocrx_word' id='word_1_119' title='bbox 671 1989 847 2054; x_wconf 89' lang='lat' dir='ltr'>modularis</span> <span class='ocrx_word' id='word_1_120' title='bbox 869 1989 904 2052; x_wconf 95' lang='lat' dir='ltr'>in</span> <span class='ocrx_word' id='word_1_121' title='bbox 927 1988 1040 2052; x_wconf 83' lang='lat' dir='ltr'>aestu?</span> 
     </span>
     <span class='ocr_line' id='line_1_22' title="bbox 111 2076 1003 2160; baseline -0.002 -18"><span class='ocrx_word' id='word_1_122' title='bbox 111 2076 221 2142; x_wconf 93' lang='lat' dir='ltr'>Iamne</span> <span class='ocrx_word' id='word_1_123' title='bbox 244 2077 306 2141; x_wconf 88' lang='lat' dir='ltr'>tibi</span> <span class='ocrx_word' id='word_1_124' title='bbox 330 2077 461 2142; x_wconf 86' lang='lat' dir='ltr'>sordent</span> <span class='ocrx_word' id='word_1_125' title='bbox 485 2078 649 2142; x_wconf 84' lang='lat' dir='ltr'>citharae?</span> <span class='ocrx_word' id='word_1_126' title='bbox 671 2078 737 2142; x_wconf 92' lang='lat' dir='ltr'>iam</span> <span class='ocrx_word' id='word_1_127' title='bbox 759 2077 863 2140; x_wconf 89' lang='lat' dir='ltr'>lustra</span> <span class='ocrx_word' id='word_1_128' title='bbox 884 2076 1003 2160; x_wconf 88' lang='lat' dir='ltr'>Lycaei</span> 
     </span>
     <span class='ocr_line' id='line_1_23' title="bbox 110 2164 976 2251; baseline -0.002 -21"><span class='ocrx_word' id='word_1_129' title='bbox 110 2165 220 2250; x_wconf 87' lang='lat' dir='ltr'>Atque</span> <span class='ocrx_word' id='word_1_130' title='bbox 241 2189 339 2251; x_wconf 89' lang='lat' dir='ltr'>pecus</span> <span class='ocrx_word' id='word_1_131' title='bbox 364 2167 452 2231; x_wconf 88' lang='lat' dir='ltr'>cordi</span> <span class='ocrx_word' id='word_1_132' title='bbox 474 2167 680 2250; x_wconf 88' lang='lat' dir='ltr'>redituraque</span> <span class='ocrx_word' id='word_1_133' title='bbox 703 2165 839 2250; x_wconf 89' lang='lat' dir='ltr'>rupibus</span> <span class='ocrx_word' id='word_1_134' title='bbox 862 2164 976 2228; x_wconf 76' lang='lat' dir='ltr'>Echo?</span> 
     </span>
     <span class='ocr_line' id='line_1_24' title="bbox 110 2255 1129 2320; baseline 0 -1"><span class='ocrx_word' id='word_1_135' title='bbox 110 2255 184 2319; x_wconf 91' lang='lat' dir='ltr'>Huc</span> <span class='ocrx_word' id='word_1_136' title='bbox 207 2256 282 2319; x_wconf 89' lang='lat' dir='ltr'>ades</span> <span class='ocrx_word' id='word_1_137' title='bbox 306 2259 375 2319; x_wconf 84' lang='lat' dir='ltr'>ett</span> <span class='ocrx_word' id='word_1_138' title='bbox 377 2259 433 2320; x_wconf 91' lang='lat' dir='ltr'>ant</span> <span class='ocrx_word' id='word_1_139' title='bbox 435 2277 471 2319; x_wconf 91' lang='lat' dir='ltr'>ae</span> <span class='ocrx_word' id='word_1_140' title='bbox 419 2255 589 2319; x_wconf 93' lang='lat' dir='ltr'>tnobis</span> <span class='ocrx_word' id='word_1_141' title='bbox 613 2255 751 2319; x_wconf 85' lang='lat' dir='ltr'>edissere</span> <span class='ocrx_word' id='word_1_142' title='bbox 775 2275 887 2318; x_wconf 89' lang='lat' dir='ltr'>causas</span> <span class='ocrx_word' id='word_1_143' title='bbox 1094 2271 1129 2320; x_wconf 78' lang='lat'>50</span> 
     </span>
     <span class='ocr_line' id='line_1_25' title="bbox 109 2342 966 2443; baseline -0.002 -36"><span class='ocrx_word' id='word_1_144' title='bbox 109 2344 281 2429; x_wconf 86' lang='lat' dir='ltr'>Laetitttiae‚</span> <span class='ocrx_word' id='word_1_145' title='bbox 305 2344 357 2407; x_wconf 83' lang='lat' dir='ltr'>eui</span> <span class='ocrx_word' id='word_1_146' title='bbox 379 2366 511 2443; x_wconf 37' lang='lat' dir='ltr'>pompa·</span> <span class='ocrx_word' id='word_1_147' title='bbox 521 2347 594 2407; x_wconf 89' lang='lat' dir='ltr'>toro</span> <span class='ocrx_word' id='word_1_148' title='bbox 617 2347 685 2407; x_wconf 87' lang='lat' dir='ltr'>tarn</span> <span class='ocrx_word' id='word_1_149' title='bbox 709 2343 795 2407; x_wconf 90' lang='lat' dir='ltr'>clara</span> <span class='ocrx_word' id='word_1_150' title='bbox 818 2342 966 2427; x_wconf 82' lang='lat' dir='ltr'>resultet,</span> 
     </span>
     <span class='ocr_line' id='line_1_26' title="bbox 111 2430 1002 2534; baseline -0.002 -39"><span class='ocrx_word' id='word_1_151' title='bbox 111 2431 199 2508; x_wconf 83' lang='lat' dir='ltr'>Quae</span> <span class='ocrx_word' id='word_1_152' title='bbox 221 2454 306 2496; x_wconf 92' lang='lat' dir='ltr'>nova</span> <span class='ocrx_word' id='word_1_153' title='bbox 329 2430 419 2495; x_wconf 87' lang='lat' dir='ltr'>dotet</span> <span class='ocrx_word' id='word_1_154' title='bbox 405 2436 459 2495; x_wconf 88' lang='lat' dir='ltr'>tur</span> <span class='ocrx_word' id='word_1_155' title='bbox 467 2432 587 2534; x_wconf 81' lang='lat' dir='ltr'>virgo:</span> <span class='ocrx_word' id='word_1_156' title='bbox 610 2436 667 2516; x_wconf 91' lang='lat' dir='ltr'>pat</span> <span class='ocrx_word' id='word_1_157' title='bbox 668 2431 814 2532; x_wconf 82' lang='lat' dir='ltr'>riamque</span> <span class='ocrx_word' id='word_1_158' title='bbox 836 2451 1002 2532; x_wconf 77' lang='lat' dir='ltr'>genusque</span> 
     </span>
     <span class='ocr_line' id='line_1_27' title="bbox 109 2508 946 2605; baseline -0.002 -21"><span class='ocrx_word' id='word_1_159' title='bbox 109 2520 218 2584; x_wconf 92' lang='lat' dir='ltr'>Pande</span> <span class='ocrx_word' id='word_1_160' title='bbox 223 2508 411 2605; x_wconf 86' lang='lat' dir='ltr'>,quibust</span> <span class='ocrx_word' id='word_1_161' title='bbox 413 2521 493 2584; x_wconf 90' lang='lat' dir='ltr'>erris</span> <span class='ocrx_word' id='word_1_162' title='bbox 517 2521 580 2584; x_wconf 81' lang='lat' dir='ltr'>orti</span> <span class='ocrx_word' id='word_1_163' title='bbox 585 2543 682 2605; x_wconf 86' lang='lat' dir='ltr'>,quo</span> <span class='ocrx_word' id='word_1_164' title='bbox 706 2519 826 2584; x_wconf 91' lang='lat' dir='ltr'>semine</span> <span class='ocrx_word' id='word_1_165' title='bbox 850 2518 946 2584; x_wconf 90' lang='lat' dir='ltr'>ducti.</span> 
     </span>
     <span class='ocr_line' id='line_1_28' title="bbox 109 2573 923 2695; baseline -0.001 -23"><span class='ocrx_word' id='word_1_166' title='bbox 109 2608 237 2673; x_wconf 89' lang='lat' dir='ltr'>Haud</span> <span class='ocrx_word' id='word_1_167' title='bbox 228 2631 361 2695; x_wconf 89' lang='lat' dir='ltr'>1gnarus</span> <span class='ocrx_word' id='word_1_168' title='bbox 385 2609 483 2694; x_wconf 82' lang='lat' dir='ltr'>enim,</span> <span class='ocrx_word' id='word_1_169' title='bbox 505 2573 620 2673; x_wconf 84' lang='lat' dir='ltr'>necte</span> <span class='ocrx_word' id='word_1_170' title='bbox 643 2609 781 2673; x_wconf 89' lang='lat' dir='ltr'>conubia</span> <span class='ocrx_word' id='word_1_171' title='bbox 803 2608 923 2672; x_wconf 85' lang='lat' dir='ltr'>fallunt</span> 
     </span>
     <span class='ocr_line' id='line_1_29' title="bbox 109 2662 1129 2783; baseline -0.001 -21"><span class='ocrx_word' id='word_1_172' title='bbox 109 2697 236 2783; x_wconf 82' lang='lat' dir='ltr'>Vlla3t</span> <span class='ocrx_word' id='word_1_173' title='bbox 237 2720 280 2762; x_wconf 94' lang='lat' dir='ltr'>uo</span> <span class='ocrx_word' id='word_1_174' title='bbox 302 2698 425 2782; x_wconf 90' lang='lat' dir='ltr'>primae</span> <span class='ocrx_word' id='word_1_175' title='bbox 448 2662 570 2762; x_wconf 89' lang='lat' dir='ltr'>librant</span> <span class='ocrx_word' id='word_1_176' title='bbox 556 2701 611 2761; x_wconf 92' lang='lat' dir='ltr'>tur</span> <span class='ocrx_word' id='word_1_177' title='bbox 633 2697 760 2761; x_wconf 86' lang='lat' dir='ltr'>foedere</span> <span class='ocrx_word' id='word_1_178' title='bbox 782 2700 859 2761; x_wconf 89' lang='lat' dir='ltr'>noct</span> <span class='ocrx_word' id='word_1_179' title='bbox 861 2697 915 2760; x_wconf 87' lang='lat' dir='ltr'>es&#39;</span> <span class='ocrx_word' id='word_1_180' title='bbox 1093 2711 1129 2761; x_wconf 78' lang='lat'>55</span> 
     </span>
    </p>

    <p class='ocr_par' dir='ltr' id='par_1_7' title="bbox 98 2785 1127 3583">
     <span class='ocr_line' id='line_1_30' title="bbox 176 2785 1092 2871; baseline -0.001 -20"><span class='ocrx_word' id='word_1_181' title='bbox 176 2785 237 2851; x_wconf 91' lang='lat' dir='ltr'>llle</span> <span class='ocrx_word' id='word_1_182' title='bbox 260 2787 372 2851; x_wconf 85' lang='lat' dir='ltr'>refert:</span> <span class='ocrx_word' id='word_1_183' title='bbox 396 2786 568 2870; x_wconf 74' lang='lat' dir='ltr'>‘Equidem</span> <span class='ocrx_word' id='word_1_184' title='bbox 591 2786 711 2850; x_wconf 90' lang='lat' dir='ltr'>dudum</span> <span class='ocrx_word' id='word_1_185' title='bbox 734 2790 780 2871; x_wconf 82' lang='lat' dir='ltr'>te,</span> <span class='ocrx_word' id='word_1_186' title='bbox 804 2786 889 2870; x_wconf 84' lang='lat' dir='ltr'>diva,</span> <span class='ocrx_word' id='word_1_187' title='bbox 912 2788 1092 2850; x_wconf 88' lang='lat' dir='ltr'>morantem</span> 
     </span>
     <span class='ocr_line' id='line_1_31' title="bbox 109 2875 912 2961; baseline -0.004 -21"><span class='ocrx_word' id='word_1_188' title='bbox 109 2875 265 2961; x_wconf 81' lang='lat' dir='ltr'>Mirabar,</span> <span class='ocrx_word' id='word_1_189' title='bbox 289 2875 375 2958; x_wconf 91' lang='lat' dir='ltr'>quod</span> <span class='ocrx_word' id='word_1_190' title='bbox 399 2876 502 2939; x_wconf 88' lang='lat' dir='ltr'>adhuc</span> <span class='ocrx_word' id='word_1_191' title='bbox 524 2875 610 2939; x_wconf 84' lang='lat' dir='ltr'>tanti</span> <span class='ocrx_word' id='word_1_192' title='bbox 633 2897 745 2939; x_wconf 88' lang='lat' dir='ltr'>secura</span> <span class='ocrx_word' id='word_1_193' title='bbox 767 2895 912 2938; x_wconf 89' lang='lat' dir='ltr'>maneres</span> 
     </span>
     <span class='ocr_line' id='line_1_32' title="bbox 111 2963 912 3051; baseline -0.004 -22"><span class='ocrx_word' id='word_1_194' title='bbox 111 2964 269 3051; x_wconf 83' lang='lat' dir='ltr'>Coniugii.</span> <span class='ocrx_word' id='word_1_195' title='bbox 308 2963 385 3030; x_wconf 90' lang='lat' dir='ltr'>Non</span> <span class='ocrx_word' id='word_1_196' title='bbox 407 2987 507 3048; x_wconf 91' lang='lat' dir='ltr'>parva</span> <span class='ocrx_word' id='word_1_197' title='bbox 530 2963 592 3027; x_wconf 89' lang='lat' dir='ltr'>tibi</span> <span class='ocrx_word' id='word_1_198' title='bbox 615 2964 787 3028; x_wconf 88' lang='lat' dir='ltr'>mandatur</span> <span class='ocrx_word' id='word_1_199' title='bbox 810 2963 912 3049; x_wconf 84' lang='lat' dir='ltr'>origo.</span> 
     </span>
     <span class='ocr_line' id='line_1_33' title="bbox 108 3052 906 3139; baseline -0.004 -22"><span class='ocrx_word' id='word_1_200' title='bbox 108 3053 265 3117; x_wconf 82' lang='lat' dir='ltr'>Fascibus</span> <span class='ocrx_word' id='word_1_201' title='bbox 288 3052 432 3139; x_wconf 86' lang='lat' dir='ltr'>insignes</span> <span class='ocrx_word' id='word_1_202' title='bbox 456 3057 487 3116; x_wconf 89' lang='lat' dir='ltr'>et</span> <span class='ocrx_word' id='word_1_203' title='bbox 511 3053 620 3139; x_wconf 86' lang='lat' dir='ltr'>legum</span> <span class='ocrx_word' id='word_1_204' title='bbox 644 3053 782 3117; x_wconf 89' lang='lat' dir='ltr'>culmine</span> <span class='ocrx_word' id='word_1_205' title='bbox 805 3052 906 3115; x_wconf 87' lang='lat' dir='ltr'>fultae</span> 
     </span>
     <span class='ocr_line' id='line_1_34' title="bbox 110 3140 1127 3225; baseline -0.001 -18"><span class='ocrx_word' id='word_1_206' title='bbox 110 3141 294 3207; x_wconf 82' lang='lat' dir='ltr'>Convenere</span> <span class='ocrx_word' id='word_1_207' title='bbox 318 3141 432 3206; x_wconf 92' lang='lat' dir='ltr'>domus</span> <span class='ocrx_word' id='word_1_208' title='bbox 456 3145 487 3205; x_wconf 91' lang='lat' dir='ltr'>et</span> <span class='ocrx_word' id='word_1_209' title='bbox 512 3141 567 3225; x_wconf 92' lang='lat' dir='ltr'>qui</span> <span class='ocrx_word' id='word_1_210' title='bbox 590 3141 785 3207; x_wconf 85' lang='lat' dir='ltr'>lectissimus</span> <span class='ocrx_word' id='word_1_211' title='bbox 809 3140 881 3205; x_wconf 90' lang='lat' dir='ltr'>orbi</span> <span class='ocrx_word' id='word_1_212' title='bbox 1091 3159 1127 3206; x_wconf 84' lang='grc'>01)</span> 
     </span>
     <span class='ocr_line' id='line_1_35' title="bbox 109 3229 1054 3317; baseline -0.004 -21"><span class='ocrx_word' id='word_1_213' title='bbox 109 3231 250 3317; x_wconf 82' lang='lat' dir='ltr'>Sanguis</span> <span class='ocrx_word' id='word_1_214' title='bbox 274 3234 351 3294; x_wconf 86' lang='lat' dir='ltr'>erat.</span> <span class='ocrx_word' id='word_1_215' title='bbox 388 3230 509 3294; x_wconf 89' lang='lat' dir='ltr'>Rubris</span> <span class='ocrx_word' id='word_1_216' title='bbox 533 3252 614 3314; x_wconf 89' lang='lat' dir='ltr'>quae</span> <span class='ocrx_word' id='word_1_217' title='bbox 637 3231 790 3295; x_wconf 84' lang='lat' dir='ltr'>fluctibus</span> <span class='ocrx_word' id='word_1_218' title='bbox 813 3229 920 3293; x_wconf 88' lang='lat' dir='ltr'>insula</span> <span class='ocrx_word' id='word_1_219' title='bbox 943 3229 1054 3314; x_wconf 86' lang='lat' dir='ltr'>latrat,</span> 
     </span>
     <span class='ocr_line' id='line_1_36' title="bbox 110 3317 1000 3404; baseline -0.002 -20"><span class='ocrx_word' id='word_1_220' title='bbox 110 3319 172 3396; x_wconf 79' lang='lat' dir='ltr'>Qui</span> <span class='ocrx_word' id='word_1_221' title='bbox 195 3320 287 3384; x_wconf 88' lang='lat' dir='ltr'>locus</span> <span class='ocrx_word' id='word_1_222' title='bbox 310 3318 522 3404; x_wconf 86' lang='lat' dir='ltr'>Aethiopum,</span> <span class='ocrx_word' id='word_1_223' title='bbox 545 3341 627 3402; x_wconf 89' lang='lat' dir='ltr'>quae</span> <span class='ocrx_word' id='word_1_224' title='bbox 650 3319 696 3383; x_wconf 85' lang='lat' dir='ltr'>sic</span> <span class='ocrx_word' id='word_1_225' title='bbox 719 3317 874 3402; x_wconf 84' lang='lat' dir='ltr'>impervia</span> <span class='ocrx_word' id='word_1_226' title='bbox 896 3317 1000 3382; x_wconf 87' lang='lat' dir='ltr'>famae</span> 
     </span>
     <span class='ocr_line' id='line_1_37' title="bbox 109 3407 864 3495; baseline -0.001 -24"><span class='ocrx_word' id='word_1_227' title='bbox 109 3407 248 3472; x_wconf 86' lang='lat' dir='ltr'>Secessit</span> <span class='ocrx_word' id='word_1_228' title='bbox 271 3409 374 3495; x_wconf 84' lang='lat' dir='ltr'>regio,</span> <span class='ocrx_word' id='word_1_229' title='bbox 399 3430 462 3491; x_wconf 90' lang='lat' dir='ltr'>quo</span> <span class='ocrx_word' id='word_1_230' title='bbox 485 3429 552 3472; x_wconf 95' lang='lat' dir='ltr'>non</span> <span class='ocrx_word' id='word_1_231' title='bbox 574 3429 702 3472; x_wconf 92' lang='lat' dir='ltr'>rumore</span> <span class='ocrx_word' id='word_1_232' title='bbox 726 3408 864 3471; x_wconf 87' lang='lat' dir='ltr'>secundo</span> 
     </span>
     <span class='ocr_line' id='line_1_38' title="bbox 98 3495 929 3583; baseline 0.004 -26"><span class='ocrx_word' id='word_1_233' title='bbox 98 3495 243 3560; x_wconf 84' lang='lat' dir='ltr'>Palladii</span> <span class='ocrx_word' id='word_1_234' title='bbox 261 3497 448 3583; x_wconf 88' lang='lat' dir='ltr'>penetravit</span> <span class='ocrx_word' id='word_1_235' title='bbox 472 3518 562 3561; x_wconf 92' lang='lat' dir='ltr'>amor</span> <span class='ocrx_word' id='word_1_236' title='bbox 584 3495 766 3580; x_wconf 87' lang='lat' dir='ltr'>mentisque</span> <span class='ocrx_word' id='word_1_237' title='bbox 789 3496 929 3582; x_wconf 87' lang='lat' dir='ltr'>benigna</span> 
     </span>
    </p>
   </div>
   <div class='ocr_carea' id='block_1_4' title="bbox 0 0 1224 3832">
    <p class='ocr_par' dir='ltr' id='par_1_8' title="bbox 0 0 1224 3832">
     <span class='ocr_line' id='line_1_39' title="bbox 0 0 1224 3832; baseline 0 2"><span class='ocrx_word' id='word_1_238' title='bbox 0 0 1224 3832; x_wconf 95' lang='lat' dir='ltr'> </span> 
     </span>
    </p>
   </div>
  </div>
 </body>
</html>
