2438 3832
117 155 318 210 CARMINVM
336 155 462 210 muca.
482 153 755 224 CORPVSCVLVM,
774 171 796 211 c.
811 152 1023 208 XXIX-XXX.
1061 151 1124 216 241

113 318 237 383 Scaena
258 318 440 402 pudicitiae,
476 317 592 383 Terrae
614 317 785 404 pelagique
807 316 935 380 labores

112 408 158 472 Et
183 407 268 472 saevi
292 407 427 472 totidem
449 407 544 472 bellis
568 411 648 490 quot
670 406 822 470 fluctibus
845 405 921 469 anni

115 496 265 582 Coniugii
288 496 422 561 docuere
446 497 549 560 fidem.
596 495 646 560 Sit
671 494 803 559 Claudia
825 494 904 558 felix

112 586 208 649 Teste
233 586 290 648 dea
313 589 483 667 castosque
505 585 621 668 probet
645 585 705 648 sub
728 583 859 647 numine
882 603 988 646 mores

112 674 295 738 Absolvens
317 674 498 758 puppisque
520 696 627 738 moras
652 674 833 755 crimenque
856 671 1001 754 pudoris:
1091 685 1126 733 30

112 763 273 846 Penelope
296 763 405 826 trahat
427 766 496 827 arte
519 784 635 846 procos
658 763 814 844 fallatque
837 761 980 824 furentes

113 851 259 916 Stamina
281 856 457 916 nocturnae
480 853 625 939 relegens
648 851 777 915 Laertia
799 851 895 915 telae:

112 939 191 1006 Non
212 945 322 1004 tamen
344 941 508 1004 audebunt
531 941 636 1004 titulis
660 944 782 1004 certare
805 939 949 1004 Serenae.

182 1028 303 1104 Quodsi
325 1029 480 1093 nobilitas
503 1029 627 1094 cunctis
650 1029 781 1094 exordia
802 1027 916 1112 pandit

113 1118 277 1182 Laudibus
301 1122 397 1200 atque
421 1140 531 1182 omnes
554 1118 687 1182 redeunt
710 1119 744 1181 in
768 1117 889 1182 semina
912 1135 1040 1200 causae,
1090 1129 1123 1178 35

116 1206 196 1283 Quis
218 1207 433 1270 venerabilior
456 1207 601 1293 sanguis,
624 1229 705 1290 quae
728 1207 831 1270 maior
854 1204 945 1291 origo

116 1295 219 1372 Quam
242 1292 360 1382 regalis
384 1296 467 1360 erit?
490 1317 557 1359 non
578 1295 640 1360 hoc
662 1296 789 1379 privata
811 1294 924 1358 dedere

115 1385 242 1448 Limina
264 1407 323 1448 nec
346 1389 473 1448 tantum
495 1388 624 1468 poterat
647 1385 833 1470 contingere
855 1404 973 1447 nomen

115 1474 275 1560 Augustis
298 1473 434 1559 laribus3
458 1477 575 1557 patruo
599 1477 631 1537 55
653 1473 798 1557 principe
821 1472 939 1536 celsam

115 1563 315 1645 Bellipotens
337 1562 491 1626 inlustrat
514 1584 606 1648 avus,
630 1562 685 1645 qui
708 1562 802 1648 signa
823 1560 981 1625 Britanno
1094 1577 1127 1624 40

115 1649 230 1714 intulit
255 1649 380 1715 Oceano
405 1650 604 1734 Gaetulaque
627 1651 769 1734 reppulit
792 1672 888 1715 arma.

117 1738 244 1802 Claram
268 1738 451 1823 Scipiadum
474 1743 579 1804 taceat
603 1739 751 1804 Cornelia
774 1743 903 1824 gentem

115 1826 220 1910 Seque
243 1828 349 1891 minus
372 1829 469 1892 iactet
492 1828 623 1912 Libycis
646 1827 757 1892 dotata
779 1826 957 1911 trophaeis3

118 1915 253 1979 Cardine
276 1920 313 1979 tu
336 1917 464 2002 gemino
488 1917 598 1980 laurus
620 1916 803 1999 praetendis
827 1917 942 1980 avitas:

116 2003 194 2068 lnde
220 2004 415 2090 Caledoniis,
438 2003 647 2069 Australibus
670 2005 744 2069 inde
766 2009 936 2089 parentum
1094 2021 1129 2069 45

119 2093 264 2179 Cingeris
288 2095 418 2159 exuviis.
455 2093 601 2160 Necdum
624 2093 841 2157 moderamina
863 2092 974 2156 mundi

117 2182 305 2265 Sumpserat
327 2182 384 2246 illa
408 2183 535 2266 domuS,
559 2204 631 2246 cum
653 2186 686 2247 te
708 2182 830 2246 Lucina
853 2181 955 2245 beatis

117 2271 258 2334 Adderet
281 2275 442 2335 astrorum
465 2271 577 2357 radiis,
601 2293 619 2335 o
643 2271 781 2334 maxima
803 2292 910 2333 rerum
1053 2345 1055 2351 Ι

117 2359 245 2424 Gloria:
268 2363 344 2443 post
367 2361 510 2446 genitam
533 2359 644 2423 didicit
666 2380 800 2446 regnare
824 2357 984 2424 Serenam.

185 2448 268 2525 Quid
290 2448 423 2535 dignum
445 2470 622 2514 memorare
644 2449 724 2534 tuis,
746 2447 917 2534 Hispania,
939 2447 1035 2512 terris
1094 2465 1127 2513 5ο

118 2537 191 2602 Vox
214 2538 354 2602 humana
376 2538 484 2602 valet?
520 2538 630 2602 Primo
653 2538 739 2601 lavat
763 2559 900 2620 aequore
924 2537 1025 2602 solem

117 2625 221 2691 India:
244 2631 281 2690 tu
303 2627 407 2692 fessos
430 2627 634 2714 exactaluce
656 2625 780 2712 iugales

120 2716 249 2779 Proluis
271 2716 369 2799 inque
392 2720 449 2780 tuo
472 2716 633 2798 respirant
656 2715 759 2778 sidera
781 2715 892 2779 fluctu

119 2803 217 2866 Dives
241 2805 345 2890 equis,
368 2805 498 2890 frugum
520 2804 639 2888 facilis,
661 2803 803 2886 pretiosa
824 2802 980 2889 metallis3

120 2891 323 2975 Principibus
346 2892 481 2956 fecunda
502 2893 579 2976 piis:
603 2893 664 2956 tibi
687 2891 814 2954 saecula
837 2891 954 2956 debent
1095 2909 1128 2957 55

120 2979 305 3068 Traianum3
329 2981 426 3045 series
449 2981 500 3044 his
523 2981 669 3044 fontibus
691 2979 785 3044 Aelia
807 2980 910 3044 fluxit.

120 3068 206 3131 Hinc
229 3070 348 3156 senior,
374 3073 479 3154 pater,
506 3069 581 3133 hinc
603 3069 754 3133 iuvenum
778 3068 957 3132 diademata
984 3069 1132 3134 fratrum.

120 3157 268 3240 Namque
291 3159 371 3223 aliae
394 3162 520 3245 gantae,
544 3179 623 3240 quas
646 3157 773 3221 foedere
796 3157 900 3222 Roma
923 3158 1043 3242 recepit

120 3246 188 3309 Aut
212 3247 309 3311 armis
333 3249 469 3334 domuit,
491 3247 598 3311 varios
622 3250 775 3328 aptantur
797 3247 832 3311 in
854 3269 932 3310 usus

120 3334 264 3421 imperii3
286 3336 421 3402 Phariae
445 3340 570 3423 segetes
593 3339 625 3399 et
647 3335 769 3399 Punica
791 3336 905 3400 messis
1097 3353 1133 3401 ao

122 3424 309 3488 Castrorum
332 3426 446 3489 devota
469 3426 555 3511 cib03
578 3424 633 3488 dat
657 3422 763 3488 Callia
785 3425 885 3489 robur

121 3513 251 3600 Militis3
273 3513 412 3598 Illyricis
436 3515 552 3579 sudant
575 3513 774 3596 equitatibus
797 3515 879 3578 alae:

176 3629 316 3669 Cnavnrasr
331 3628 399 3683 Osa,
413 3629 448 3670 cd.
462 3630 551 3672 Koch.
697 3635 700 3640 “
904 3621 946 3666 Χῖ)
