2438 3832
207 149 287 220 (xv.)
308 148 356 202 aa
376 148 492 204 01110
512 148 708 205 0110011100
728 148 836 203 ursan
853 149 998 204 1011110.
1066 149 1108 213 39

161 310 213 378 ‘Si
235 333 307 376 mea
329 312 490 376 mansuris
513 316 698 376 meruerunt
721 311 847 377 moenia
869 311 968 398 nasci,

93 399 250 486 Iuppiter,
273 400 428 487 auguriis,
452 401 479 464 si
503 405 591 465 stant
614 400 737 465 inmota
761 399 904 484 Sibyllae

94 489 255 575 Carmina,
279 488 431 573 Tarpeias
455 489 482 553 si
504 489 641 554 necdum
664 489 789 574 respuis
814 511 915 554 arces:
1074 507 1109 554 30

92 577 241 643 Advenio
265 578 411 663 supplex,
432 601 500 642 non
522 581 559 642 ut
582 577 747 661 proculcet
769 576 900 642 Araxen

94 666 218 731 Consul
241 689 340 731 ovans
363 670 532 731 nostraeve
555 670 703 750 premant
726 666 913 750 pharetrata
937 688 1064 731 secures

93 754 186 841 Susa,
208 777 267 820 nec
289 760 326 819 ut
350 755 471 819 Rubris
495 753 620 838 aquilas
643 756 782 841 figamus
804 755 942 819 harenis.

93 844 183 908 Haec
205 844 311 929 nobis,
333 844 412 908 haec
436 848 510 908 ante
533 843 645 929 dabas3
667 865 754 907 nunc
776 844 896 928 pabula
919 847 1047 908 tantum

92 932 198 997 Roma
220 955 341 1016 precor.
378 931 531 996 Miserere
549 936 634 1018 tuae,
656 936 749 1016 pater
768 932 897 1017 optime,
916 933 1032 1019 gentis,
1074 950 1108 998 as

93 1021 283 1085 Extremam
306 1021 438 1085 defende
461 1022 587 1085 famem.
635 1019 829 1085 Satiavimus
853 1021 935 1085 iram

93 1109 129 1174 Si
153 1132 216 1193 qua
239 1109 315 1195 fuit3
339 1110 478 1196 lugenda
502 1109 592 1174 Getis
616 1114 648 1174 et
671 1109 776 1173 flenda
800 1108 915 1173 Suebis

92 1198 284 1284 Hausimus3
307 1198 379 1282 ipsa
400 1221 490 1262 meos
513 1198 660 1262 horreret
682 1197 817 1261 Parthia
840 1220 942 1262 casus

94 1286 180 1363 Quid
202 1288 338 1351 referam
361 1286 506 1351 morbive
529 1288 615 1351 luem
638 1286 821 1351 tumulosve
844 1287 985 1371 repletos

93 1375 266 1462 Stragibus
290 1380 322 1439 01
345 1376 474 1440 crebras
497 1380 649 1458 corrupto
674 1375 776 1439 sidere
798 1377 941 1439 mortes?
1074 1393 1109 1443 40

92 1464 161 1528 Aut
183 1464 318 1528 fluvium
339 1487 397 1548 per
419 1467 505 1529 tecta
527 1487 646 1550 vagum
670 1464 866 1546 summisque
889 1463 1048 1529 minatum

94 1552 263 1617 Collibus?
299 1551 451 1639 lugentes
474 1552 547 1617 vexi
569 1574 747 1616 summersa
770 1552 894 1616 carinas

92 1641 332 1725 Remorumque
356 1663 453 1706 sonos
477 1644 509 1706 01
531 1640 675 1724 Pyrrhae
699 1641 826 1704 saecula
849 1640 943 1704 sensi.

162 1729 220 1794 ‘Ei
242 1729 332 1815 mihi,
356 1752 420 1813 quo
443 1730 555 1794 Latiae
578 1729 662 1794 vires
686 1729 840 1812 urbisque
862 1733 1009 1813 potestas

92 1817 234 1882 Decidit!
257 1817 292 1881 in
316 1819 443 1901 qualem
466 1818 624 1903 paulatim
646 1817 799 1883 fluximus
821 1817 982 1882 umbram!
1074 1835 1108 1884 45

92 1905 230 1970 Armato
254 1907 416 1990 quondam
438 1908 559 1991 populo
583 1911 776 1990 patrumque
799 1905 949 1993 vigebam

95 1993 263 2080 Conciliis3
286 1995 395 2059 domui
418 1999 522 2060 terras
545 1995 706 2079 urbesque
730 1994 854 2059 revinxi

92 2082 248 2168 Legibus:
272 2083 313 2147 ad
336 2084 438 2148 solem
460 2084 576 2148 victrix
599 2088 772 2166 utrumque
795 2084 930 2149 cucurri.

93 2169 273 2254 Postquam
296 2171 367 2235 iura
389 2172 481 2236 ferox
503 2172 539 2236 in
562 2194 596 2237 00
619 2171 801 2236 communia
825 2170 942 2236 Caesar

93 2258 275 2324 Transtulit
299 2264 330 2324 01
353 2260 437 2344 lapsi
459 2282 566 2325 mores
590 2261 784 2344 desuetaque
807 2260 923 2343 priscis
1067 2280 1108 2329 co

91 2347 230 2412 Artibus
252 2348 288 2412 in
310 2348 468 2435 gremium
491 2349 580 2433 pacis
604 2349 719 2413 servile
741 2349 868 2434 recessi,

93 2435 157 2501 Tot
180 2436 261 2501 mihi
283 2459 343 2521 pro
365 2437 489 2502 meritis
512 2437 649 2520 Libyam
671 2437 848 2521 Nilumque
872 2437 994 2525 dedere,

91 2524 139 2590 Vt
163 2525 325 2590 dominam
348 2527 476 2609 plebem
498 2527 752 2608 bellatoremque
777 2531 924 2590 senatum

94 2612 262 2679 Classibus
285 2614 417 2679 aestivis
441 2614 563 2679 alerent
586 2613 779 2701 geminoque
802 2615 944 2679 vicissim

92 2702 204 2766 Litore
228 2702 346 2767 diversi
369 2703 566 2787 complerent
589 2704 705 2767 horrea
728 2703 823 2767 venti.
1074 2722 1108 2770 sc

95 2789 212 2855 Stabat
235 2795 321 2856 certa
345 2791 446 2856 salus:
469 2791 630 2875 Memphis
653 2791 682 2855 si
704 2791 789 2855 forte
810 2796 971 2878 negasset,

91 2878 274 2944 Pensabam
295 2879 450 2944 Pharium
474 2879 620 2944 Gaetulis
643 2878 803 2944 messibus
827 2903 956 2966 annum,

92 2965 280 3068 Frugiferae
305 2973 426 3032 certare
448 2972 534 3032 rates
557 2969 686 3051 lateque
709 2967 858 3032 videbam

92 3055 216 3121 Pumca
237 3056 374 3122 Niliacis
398 3079 586 3121 concurrere
609 3057 743 3121 carbasa
765 3056 854 3121 velis.

95 3143 177 3208 Cum
200 3145 300 3209 subiit
322 3168 382 3230 par
403 3145 507 3209 Roma
529 3145 610 3210 mihi
633 3145 799 3228 divisaque
823 3144 962 3229 sumpsit
1074 3163 1108 3213 60

92 3232 255 3316 Aequales
277 3233 405 3298 Aurora
427 3238 532 3321 togas,
553 3234 717 3320 Aegyptia
739 3257 815 3298 rura

90 3317 134 3386 In
156 3327 281 3406 partem
305 3344 427 3388 cessere
449 3345 560 3388 novae.
607 3321 687 3407 Spes
710 3323 805 3387 unica
827 3321 924 3386 nobis

94 3409 254 3476 Restabat
275 3411 408 3498 Libyae,
431 3433 513 3496 quae
535 3412 590 3477 vix
613 3433 771 3498 aegreque
795 3411 939 3496 fovebat3

95 3496 173 3564 Solo
197 3500 293 3565 ducta
315 3500 414 3588 Not0,
436 3523 614 3587 numquam
637 3522 749 3566 secura
772 3499 888 3588 futuri,
