2438 3832
264 174 321 246 (V.)
339 175 380 231 IN
397 176 567 233 RVTINVM
584 178 696 233 LIBER
714 179 910 236 SECVNDVS.
1050 179 1093 246 37

78 336 163 416 Quid
187 338 316 403 demens
339 337 511 404 manifesta
532 343 655 428 negas?
679 341 745 406 >En
766 345 878 426 pectus
900 341 1027 407 inustae

76 426 269 493 Deformant
292 427 436 492 maculae
459 428 610 513 vitiisque
633 430 767 495 inolevit
790 431 898 517 imago
1037 446 1089 496 505

75 514 146 580 Nec
170 537 240 580 sese
263 516 434 581 commissa
456 521 579 605 tegunt.
627 518 736 585 Genus
761 541 853 584 omne
877 519 1025 583 dolorum

76 603 171 670 Inte
195 605 278 669 ferre
301 604 395 670 libet:
419 605 517 672 dubio
540 607 602 671 tibi
624 607 764 691 pendula
787 629 883 691 rupes

76 691 238 758 Inmineat
260 694 363 780 lapsu,
386 695 516 759 volucer
538 699 571 759 te
594 700 745 780 torqueat
769 695 847 781 axis,

76 783 123 848 Te
146 783 252 870 refugi
275 783 391 847 fallant
414 783 527 848 latices
550 787 647 868 atque
671 806 726 848 ore
747 784 875 848 natanti

77 871 214 937 Aresoat
238 871 370 956 decepta
393 871 474 958 sitis,
498 872 699 957 dapibusque
722 872 844 937 relictis
1041 889 1093 939 510

77 958 117 1025 In
139 965 197 1025 tua
219 982 391 1025 manemus
414 961 531 1048 migret
554 961 741 1045 praecordia
764 961 882 1025 vultur.

78 1048 281 1133 Quamquam
305 1071 415 1113 omnes
438 1049 503 1135 ulii,
527 1072 609 1133 quos
631 1050 711 1113 haec
732 1053 894 1114 tormenta
917 1049 1067 1136 fatigant,

76 1138 159 1203 Pars
184 1141 283 1221 quota
306 1141 391 1224 sunt,
412 1137 539 1224 Rufina,
561 1138 623 1202 tuit
662 1137 746 1214 Quid
768 1137 834 1201 tale
856 1139 908 1202 vel
931 1137 1036 1201 audax

77 1226 228 1291 Fulmina
251 1225 441 1292 Salmoneus
463 1226 516 1291 vel
538 1226 651 1313 lingua
673 1225 831 1290 Tantalus
854 1226 922 1313 egit

77 1313 148 1380 Aut
170 1314 354 1379 inconsulto
377 1314 492 1399 Tityos
515 1314 651 1398 deliquit
674 1315 804 1379 amore?
861 1318 862 1321 ’
1042 1331 1094 1380 515
1205 1317 1208 1324 '

80 1404 280 1469 Cunctorum
302 1403 330 1467 si
352 1403 439 1467 facta
462 1403 560 1468 simul
581 1403 759 1489 iungantur
781 1403 816 1468 in
838 1425 949 1488 unum,

77 1492 255 1558 Praecedes
276 1513 420 1557 numero.
468 1491 527 1556 cui
549 1495 643 1557 tanta
665 1491 792 1576 piacula
815 1491 988 1577 quisquam

80 1580 247 1665 Supplioio
271 1581 415 1645 conferre
438 1579 546 1645 valet?
584 1580 662 1664 quid
684 1580 821 1665 denique
845 1580 978 1668 dignum

81 1668 240 1735 Omnibus
262 1669 432 1756 inveniam,
454 1668 586 1734 vincant
609 1691 682 1733 cum
707 1669 835 1756 singula
857 1670 1001 1754 poenas?

80 1758 201 1823 Tollite
221 1758 263 1822 de
285 1757 400 1822 mediis
424 1759 605 1823 animarum
627 1758 763 1822 dedecus
786 1757 919 1823 umbris.
1040 1774 1096 1823 cao

79 1846 277 1931 Adspexisse
301 1851 351 1911 sat
374 1851 432 1912 est
478 1845 590 1912 Oculis
613 1847 679 1911 iam
701 1846 823 1931 parcite
845 1846 968 1912 nostris

18 1968 21 1971 ·
79 1935 125 2000 Et
148 1935 236 1999 Ditis
259 1939 396 2023 purgate
419 1935 541 2000 domos.
585 1933 720 2022 Agitate
744 1935 883 2022 flagellis

80 2023 185 2088 Trans
209 2024 320 2110 Styga,
345 2027 438 2089 trans
460 2023 614 2110 Erebum,
641 2045 743 2089 vacuo
768 2024 919 2089 mandate
941 2023 1097 2088 barathro

80 2111 171 2177 infra
193 2112 346 2177 Titanum
367 2112 518 2178 tenebras
540 2113 689 2197 infraque
712 2134 857 2177 recessus

80 2200 254 2265 Taitareos
276 2201 448 2285 ipsumque
472 2200 587 2287 Chaos,
610 2224 675 2286 qua
696 2201 804 2266 noctis
829 2221 946 2285 opacae
1046 2215 1097 2264 525

80 2287 305 2354 Fundamenta
327 2290 444 2375 latent3
467 2311 620 2375 praeceps
642 2289 691 2354 ibi
712 2311 838 2354 mersus
862 2288 1000 2374 anhelet,

80 2377 168 2443 Dum
191 2382 279 2443 rotat
302 2383 390 2443 astra
413 2378 518 2465 polus,
540 2378 661 2444 fen'unt
685 2377 762 2444 dum
783 2379 882 2444 litora
904 2377 1013 2444 venti?

153 2575 206 2625 525
225 2570 387 2643 ipsumque]
408 2571 536 2640 Batiam
553 2571 744 2639 nostrumque.
