2438 3832
102 193 198 265 (XXI.)
211 194 260 250 DE
275 194 493 252 CONSVLATV
508 197 731 254 STlLIOHONIS
745 199 857 254 LIBER
869 199 1015 256 PRIMVS.
1049 199 1114 264 149

102 355 208 422 Gallia
231 357 282 423 bis
305 359 425 425 fractas
448 358 569 445 Alpino
592 361 724 426 vulnere
747 362 854 427 vires?

99 445 177 512 Non
200 469 260 535 ego
284 447 412 536 dilectu,
435 450 525 534 Tyrii
548 450 604 514 sed
625 473 754 515 vomere
779 449 890 515 Cadmi

100 536 181 600 Tam
204 537 329 602 subitas
352 539 436 604 acies
460 543 614 623 concepto
638 539 732 604 dente
755 539 904 605 draconis

100 625 264 690 Exiluisse
286 648 372 692 reor:
395 626 540 693 Dircaeis
564 629 670 712 qualis
692 629 728 693 in
750 629 835 693 arvis
1064 644 1117 694 320

100 714 217 779 Messis
240 737 313 779 cum
335 717 467 800 proprio
490 739 567 781 mox
589 718 750 782 bellatura
774 717 889 782 colono

102 801 266 890 Cognatos
290 805 421 869 strinxit
444 805 580 893 gladios,
603 828 676 871 cum
700 806 820 871 semine
843 807 929 871 iacto

99 891 292 980 Terrigenae
315 895 408 980 galea
430 899 567 959 matrem
589 899 741 960 nascente
764 895 898 961 ferirent

100 979 243 1046 Armifer-
266 987 298 1047 et
320 983 416 1047 viridi
438 984 568 1048 floreret
591 985 694 1048 milite
718 985 834 1050 sulcus.

101 1069 174 1135 Hoc
189 1092 317 1155 quoque
330 1094 397 1136 non
410 1094 510 1156 parva
525 1072 575 1136 fas
590 1076 639 1136 est
654 1095 726 1137 cum
739 1072 834 1137 laude
848 1073 996 1159 relinqui,
1065 1087 1117 1138 325

102 1158 195 1236 Quod
217 1182 285 1225 non
307 1166 382 1226 ante
405 1162 498 1227 fretis
522 1161 681 1225 exercitus
704 1161 831 1226 adstitit
853 1162 950 1247 ultor,

101 1247 220 1312 Ordine
244 1271 341 1333 quam
362 1250 469 1334 prisco
493 1254 636 1314 censeret
658 1249 745 1314 bella
768 1253 907 1315 senatus.

99 1335 295 1425 Neglectum
318 1337 454 1403 Stilicho
477 1361 535 1423 per
557 1342 609 1403 tot
631 1339 696 1403 iam
720 1338 847 1404 saecula
869 1360 992 1403 morem

99 1426 251 1512 Rettulit,
273 1430 311 1491 ut
334 1427 469 1492 ducibus
492 1428 681 1493 mandarent
703 1428 827 1512 proelia
849 1432 958 1512 patres

99 1514 302 1599 Decretoque
324 1520 421 1603 togae
444 1516 522 1581 felix
544 1517 728 1604 legionibus
750 1518 813 1583 iret
1064 1534 1117 1584 330

100 1603 243 1670 Τ111111.
280 1605 455 1670 Romuleas
478 1606 567 1693 leges
590 1607 722 1670 rediisse
745 1606 894 1693 fatemur,

102 1691 184 1759 Cum
206 1715 375 1778 procerum
397 1695 495 1759 iussis
517 1694 709 1759 famulantia
732 1695 891 1759 cernimus
915 1717 1011 1759 arma.

168 1782 370 1867 Tyrrhenum
392 1787 523 1868 poteras
547 1783 671 1849 cunctis
694 1784 914 1848 transmittere
938 1784 1040 1870 signis

100 1871 146 1936 Et
168 1872 294 1937 ratibus
317 1871 438 1958 Syrtes,
460 1872 598 1956 Libyam
621 1872 780 1956 complere
803 1872 969 1958 maniplis,

101 1959 245 2025 Consilio
269 1963 361 2025 stetit
383 1962 432 2026 ira
454 1962 569 2047 minor,
591 1982 632 2025 ne
654 1961 788 2026 territus
810 1961 866 2025 ille
1063 1975 1115 2027 331

100 2049 146 2114 Τ1
169 2049 248 2114 duce
271 2055 421 2134 suspecto
444 2049 560 2115 Martis
582 2050 730 2136 graviore
752 2053 868 2134 paratu

99 2137 168 2202 Aut
191 2139 226 2201 in
247 2138 424 2203 harenosos
447 2143 556 2203 aestus
579 2159 756 2222 zonamque
779 2137 949 2202 rubentem

100 2226 258 2290 Tenderet
281 2230 338 2290 aut
362 2227 441 2290 solis
464 2226 593 2313 fugiens
615 2227 769 2290 transiret
791 2227 827 2291 in
850 2229 941 2290 ortus

99 2315 299 2381 Missurusve
323 2316 386 2380 sibi
409 2319 514 2380 certae
537 2315 657 2382 solacia
679 2315 795 2378 mortis

100 2403 227 2489 Oppida
250 2404 390 2469 dirueret
412 2403 559 2468 flammis.
592 2402 658 2468 Res
680 2403 762 2467 mira
784 2402 902 2468 relatu:
1063 2419 1115 2470 340

100 2492 152 2559 Ne
174 2494 307 2558 timeare
330 2494 425 2558 times
449 2497 490 2576 et,
514 2514 609 2577 quem
631 2492 773 2557 vindicta
795 2493 955 2578 manebat,

99 2583 279 2667 Desperare
301 2587 400 2648 vetas.
438 2582 602 2659 Quantum
624 2581 741 2646 fiducia
763 2581 859 2646 nobis

99 2671 242 2736 Profuit!
265 2672 396 2736 hostilis
419 2673 526 2736 salvae
551 2670 758 2757 Carthaginis
781 2690 883 2756 arces,

100 2759 237 2825 Inlaesis
259 2761 350 2845 Tyrii
373 2761 515 2848 gaudent
538 2759 718 2824 cultoribus
741 2759 820 2845 agri,

101 2850 191 2926 Quos
213 2851 321 2934 potuit
344 2853 470 2915 vastare
493 2849 579 2935 fuga.
617 2847 680 2933 Spe
704 2851 817 2932 captus
840 2846 929 2912 inani
1063 2860 1116 2911 345

100 2939 170 3004 Nec
194 2961 227 3002 se
251 2939 413 3023 subripuit
436 2958 558 3022 poenae
580 2937 765 3020 nostrisque
788 2936 932 3020 pepercit

100 3027 254 3091 Demens:
279 3028 335 3112 qui
356 3048 491 3091 numero
514 3028 651 3111 tantum,
673 3046 741 3089 non
762 3025 880 3090 robore
902 3042 1033 3090 mensus

101 3116 266 3180 Romanos
289 3117 409 3200 rapidis
431 3115 501 3180 ibat
526 3136 583 3179 ceu
605 3114 755 3198 protinus
779 3135 890 3178 omnes

103 3203 293 3269 Calcaturus
317 3205 408 3290 equis
431 3208 472 3291 et,
496 3204 583 3288 quod
604 3204 724 3268 iactare
748 3203 884 3290 solebat,

102 3293 234 3359 Solibus
258 3295 370 3359 effetos
394 3315 557 3359 mersurus
579 3293 711 3377 pulvere
736 3292 856 3358 Gallos.
1065 3305 1119 3356 360

101 3381 164 3448 Sed
188 3383 299 3448 didicit
321 3405 389 3447 non
410 3382 609 3466 Aethiopum
631 3381 795 3469 geminata
817 3381 949 3446 venenis

101 3471 255 3558 Vulnera,
277 3494 345 3537 non
367 3472 475 3536 fusum
499 3471 620 3536 crebris
643 3471 817 3535 hastilibus
840 3470 986 3555 imbrem,

102 3559 180 3626 Non
203 3561 347 3645 equitum
369 3561 499 3628 nimbos
521 3560 628 3628 Latiis
651 3559 816 3628 obsistere
834 3559 932 3644 pilis.
