2438 3832
100 158 150 215 LX
368 158 655 214 ADNOTATIONES
675 157 852 216 CRITICAE.

113 319 139 372 Η
154 315 222 387 ὗες.
238 318 289 373 hos
301 335 406 387 versus,
417 335 579 388 quosquam
588 318 670 372 foede
680 317 800 373 traditos
810 319 965 373 habeamus
975 319 1005 372 in
1016 315 1126 401 inagna

193 389 319 444 editione
337 389 490 444 videndum
510 392 562 456 est,
580 388 702 443 Birtium
715 391 836 444 maxime
851 392 964 444 secutus
978 390 1123 460 rescripsi.

190 478 257 516 nam
281 463 310 515 et
327 463 440 542 sacroue
457 479 483 516 r.
499 465 515 513 6
534 459 611 514 illius
635 460 813 516 coniecturae
839 460 958 516 debetur
981 464 1010 516 et
1028 462 1125 517 Mente

191 531 276 586 facile
297 532 408 586 adsumr
425 534 540 601 poterat
558 549 592 586 ex
610 530 695 586 Gellii
714 531 775 586 loco
796 550 813 586 a
832 531 920 587 Birtio
945 531 1048 600 citato,
1072 532 1125 587 ubi

189 603 252 674 (XV
266 609 295 672 2,
311 606 338 673 8)
355 606 475 671 refouere
497 604 620 658 animam
643 602 779 671 scriptum
800 606 851 659 est.
890 604 1127 674 Hippocrenaeorr

191 673 383 728 accusativum
402 690 464 728 esse
482 673 601 730 confido.

137 751 171 800 10
190 745 333 816 Romana]
351 747 504 815 permirum
521 744 588 815 hoc,
615 747 711 799 tamen
729 747 846 815 tangere
865 761 921 800 non
941 762 1025 799 ausus
1046 764 1123 815 sum3

189 815 311 870 fortasse
335 815 410 869 enim
435 817 470 870 ad
489 815 597 870 cultum
614 815 745 870 Herculis
768 817 927 872 Romanum
949 816 1126 885 respiciebat

189 889 276 956 poeta
295 888 324 941 et
341 886 372 940 in
386 886 441 941 fine
456 886 587 941 carminis
607 903 669 941 eam
687 904 746 942 rem
764 887 933 957 explicatius
947 890 1123 942 tractaturus

189 957 258 1026 fuit3
279 957 343 1011 finis
361 974 463 1026 nempe
482 958 570 1013 deest.

137 1034 170 1083 12
191 1029 246 1084 Gai
258 1030 351 1099 rupert
366 1045 430 1082 cum
439 1027 567 1084 Liuineio
578 1029 607 1082 et
616 1028 788 1083 Buechelero
801 1028 938 1098 praetuli;
957 1028 1010 1086 aar
1018 1047 1126 1100 semper

191 1099 266 1153 enim
284 1100 403 1168 praebet
421 1102 446 1154 R
463 1099 683 1153 vetustissimus.

136 1175 169 1225 32
192 1171 329 1242 Tardatc]
353 1171 386 1227 A.
404 1170 488 1224 Riese
512 1188 545 1225 ex
571 1171 724 1226 Turdetum
751 1171 827 1239 quod
853 1170 959 1241 legitur
987 1172 1065 1241 apud
1087 1171 1122 1227 a.

193 1242 318 1297 Turduta
337 1241 396 1297 sine
416 1242 502 1296 dubio
522 1241 558 1296 ad
568 1259 637 1312 pure
651 1240 782 1311 pertinet.
815 1241 905 1312 possis
922 1242 1021 1296 eodem
1037 1258 1124 1296 sensu

192 1313 287 1368 Tarda
309 1319 399 1368 tumere
418 1331 435 1367 a
452 1311 543 1366 Birtio
567 1312 704 1382 recipere;
732 1315 807 1367 certe
831 1315 926 1368 autem
949 1315 1016 1383 post
1037 1316 1125 1384 epiris

189 1382 447 1453 interpungendum
465 1400 521 1437 non
541 1384 592 1439 est.

135 1458 170 1507 45
188 1471 290 1509 cumea
307 1454 389 1526 pace]
414 1471 447 1508 ex
464 1472 617 1525 naturaque
634 1453 732 1523 refeci,
756 1456 789 1508 ut
813 1470 954 1508 servarem
973 1453 1124 1524 vulgatam

190 1532 313 1593 creasset,
331 1524 380 1594 qui
399 1524 593 1579 coniunctione
612 1541 664 1595 pro
680 1525 810 1580 ‘creavit'
826 1524 874 1579 vel
889 1525 1050 1581 ‘creaverit’
1068 1526 1123 1580 tali

188 1596 219 1649 in
246 1595 370 1650 carmine
398 1595 538 1650 offendere
570 1613 627 1650 non
654 1596 746 1651 debet.
790 1599 912 1651 ceterum
943 1596 1005 1667 ipse
1032 1598 1123 1652 codex

189 1666 359 1721 Veronensis
379 1666 629 1722 commutationem
647 1684 733 1736 quam
756 1667 881 1737 suscepi,
906 1669 1073 1737 comprobat
1093 1671 1124 1723 et

190 1737 369 1792 commendat
386 1755 536 1812 nomenque
557 1738 681 1792 scribens
699 1741 765 1812 (que
780 1765 814 1784 =
829 1743 920 1807 quae).

136 1813 169 1863 59
188 1809 324 1879 relevares]
347 1808 467 1878 Birtius,
496 1809 532 1862 ad
560 1826 672 1863 sensum
696 1811 771 1864 certe
796 1809 950 1879 aptissime.
987 1809 1123 1878 equidem

189 1879 219 1932 in
250 1879 343 1934 locum
376 1879 556 1949 desperatum
588 1897 663 1936 nova
695 1880 844 1935 conamina
875 1881 978 1936 inferre
1014 1881 1122 1938 destiti.

189 1949 356 2004 Skutschius
375 1951 451 2018 quod
470 1953 555 2006 licerer
574 1968 608 2005 ex
625 1952 651 2005 R
669 1951 833 2023 adpendere
854 1952 966 2006 trahere
990 1953 1066 2022 vult,
1090 1951 1122 2006 id

189 2020 365 2090 impossibile
385 2021 454 2076 mihi
473 2021 593 2077 videtur.

135 2097 170 2146 64
187 2094 307 2164 perciaco
320 2095 432 2148 inermis
446 2099 471 2149 et
483 2095 569 2165 ureae]
584 2111 647 2148 cum
660 2092 732 2149 vitio
742 2093 860 2148 metrico
874 2093 1006 2163 traditur,
1023 2093 1123 2163 qualia

189 2163 271 2232 plura
290 2162 392 2218 hocin
411 2163 543 2219 carmine.

134 2239 169 2289 80
188 2235 281 2306 apros]
303 2234 464 2290 defenditur
482 2252 535 2304 ope
554 2233 698 2289 Aldhelmi
717 2234 751 2289 cf.
771 2233 813 2291 Bi.
833 2236 922 2305 praef.
942 2254 970 2304 p.
985 2235 1091 2291 CLXV.

117 2310 169 2359 102
188 2307 273 2376 auiti]
291 2322 349 2360 non
366 2323 417 2374 pro
436 2305 583 2375 genetivo,
607 2306 657 2360 sed
674 2323 725 2374 pro
745 2305 842 2361 dativo
862 2306 1032 2376 acceperim:
1058 2307 1123 2376 agri

188 2375 260 2429 nulli
274 2379 408 2431 resonant
420 2376 534 2430 fletibus
549 2376 567 2432 i.
584 2393 607 2430 e.
621 2379 661 2432 sie
673 2379 756 2447 petere
770 2377 952 2434 Nicmarrdem
966 2378 1123 2434 Widerbctl

188 2448 244 2515 aas
257 2449 317 2502 seir
335 2448 447 2518 Klopea
465 2449 483 2502 i.
499 2464 523 2503 e.
541 2448 683 2503 Niemarrd
700 2449 783 2518 klopt.

117 2523 168 2572 116
188 2517 275 2589 circe]
293 2516 400 2572 Bittius
418 2521 554 2587 cinctam,
577 2518 652 2588 quod
676 2517 809 2589 displicet
830 2521 947 2589 propter
965 2519 1123 2591 participia

188 2588 244 2713 {luo
269 2589 414 2658 asyndota.
455 2589 576 2644 fortasse
604 2590 683 2643 locus
712 2591 751 2644 sic
780 2591 925 2646 emendari
950 2592 1060 2661 potest,
1088 2595 1123 2646 ut

200 2676 281 2729 egas:

204 2749 295 2818 Atque
312 2750 470 2819 rapinando
488 2751 634 2804 mirantem
652 2751 760 2804 rumina
778 2752 890 2805 otreio
911 2752 940 2820 (a
958 2750 1122 2822 vinciendo)

204 2820 331 2891 Arpolici
347 2822 435 2876 uictor
448 2827 593 2891 portura
611 2821 661 2876 sut
680 2826 750 2876 tecta
768 2823 893 2892 tyranni.

116 2931 169 2980 124
188 2927 295 3051 deitb‘O]
316 2942 379 2979 cum
398 2926 571 2982 Buechelero
589 2926 768 2982 retinendum
785 2927 885 2996 putavi
909 2927 944 2982 cf.
964 2927 1049 2982 Birtii
1069 2929 1122 2983 ad-

185 3013 222 3051 no
237 3012 255 3050 a
268 3014 370 3054 ionem.

96 3076 166 3132 IIIb
185 3076 239 3131 hoc
258 3076 434 3147 epigramma
451 3078 546 3147 recepi
564 3081 650 3147 atque
662 3076 722 3132 ·hoc
744 3077 825 3147 signo
850 3079 886 3132 ab
904 3078 967 3132 IIIa
990 3078 1120 3134 distinxi.

185 3147 324 3203 traditum
343 3150 386 3204 est
409 3149 439 3203 in
464 3148 574 3204 schedis
593 3148 779 3204 Peirescianis
803 3165 875 3216 qnae
897 3152 1035 3204 vocantur
1060 3151 1121 3206 sive

185 3218 216 3273 in
238 3219 308 3274 folio
332 3219 438 3274 inserto
463 3219 555 3275 codici
577 3219 717 3275 Vaticano
737 3225 806 3274 9185
825 3221 879 3294 (β);
908 3221 943 3277 cf.
968 3221 1011 3279 Bi.
1030 3225 1121 3292 praef.

186 3308 213 3360 p.
229 3290 353 3345 CLXVH
372 3293 401 3345 et
419 3291 535 3347 CLXIX.

98 3369 122 3424 V
184 3371 215 3424 in
237 3370 291 3424 hoc
317 3370 442 3425 carmine
469 3371 545 3440 quod
572 3374 683 3427 tantum
710 3371 892 3441 naufragium
919 3389 1037 3443 passum
1067 3376 1120 3444 est,

185 3443 322 3510 quantum
350 3443 486 3497 debeatur
512 3443 636 3498 virorum
664 3444 811 3498 doctorum
840 3442 1023 3514 coniecturis,
1060 3444 1120 3499 suis

181 3512 256 3567 locis
273 3511 432 3568 indicatum
450 3513 586 3570 invenies.
