2438 3832
98 184 117 246 8
422 183 567 238 CLAVDlI
586 184 782 239 CLAVDIANI

166 344 326 430 ‘Respica
350 345 379 408 si
401 345 483 409 tales
507 345 608 409 iactas
632 345 751 409 aluisse
773 346 914 432 fluentis,

97 432 222 496 Eurota
246 432 410 517 Spartane,
433 434 508 498 tuis.
555 433 640 510 Quid
660 434 798 518 protulit
821 456 959 518 aequum

96 520 212 585 Falsus
237 522 316 606 olor,
339 521 446 585 valido
471 522 618 605 quamvis
642 522 809 586 decernere
832 527 941 587 caestu

96 609 234 675 Noverit
257 613 289 673 et
312 609 438 673 ratibus
462 631 573 674 saevas
597 631 703 674 arcere
725 610 906 694 procellas?
990 677 992 682 ,

97 698 150 762 En
171 719 256 763 nova
278 697 412 762 Ledaeis
437 698 566 762 suboles
589 699 768 785 fulgentior
790 699 897 784 astris,
1057 719 1113 769 240

97 786 182 850 Ecce
204 786 268 850 mei
293 786 387 870 cives,
411 808 548 870 quorum
571 787 636 850 iam
660 786 803 873 Signifer
826 789 918 871 optat

97 873 282 939 Adventum
306 874 473 958 stellisque
496 879 589 958 parat
613 897 754 940 convexa
777 875 905 940 suturis.

97 961 166 1026 Iam
188 986 246 1047 per
267 963 459 1049 noctivagos
483 963 665 1027 dominetur
689 962 842 1047 Olybrius
866 987 941 1028 axes

97 1051 161 1116 Pro
184 1051 317 1115 Polluce
339 1051 468 1136 rubens,
490 1073 549 1135 pro
575 1051 708 1116 Castore
730 1053 860 1116 flamma
881 1052 1026 1118 Probini.

97 1139 166 1223 Ipsi
188 1140 259 1204 vela
282 1143 404 1226 regent,
427 1139 508 1224 ipsis
532 1139 728 1205 donantibus
751 1161 846 1204 auras
1058 1159 1114 1209 245

97 1228 217 1293 Navita
240 1228 417 1312 tranquillo
441 1228 662 1292 moderabitur
684 1250 822 1311 aequore
844 1229 965 1312 pinum.

97 1316 192 1381 Nunc
214 1321 343 1400 pateras
366 1316 469 1380 libare
492 1316 570 1401 daia,
591 1338 678 1380 nunc
701 1317 825 1381 solvere
847 1318 950 1382 multo

98 1404 237 1469 Nectare
261 1405 356 1469 corda
379 1404 468 1468 libet.
513 1403 636 1469 Niveos
659 1405 725 1468 iam
746 1405 879 1489 pandite
902 1410 1022 1493 coetus,

98 1492 229 1577 Naides,
253 1497 285 1556 et
307 1497 414 1557 totum
436 1492 533 1557 violis
556 1493 734 1576 praetexite
757 1493 893 1578 fontem3

97 1581 196 1645 Mella
219 1581 324 1644 ferant
348 1581 461 1666 silvae3
484 1581 549 1644 iam
571 1582 712 1665 profluat
735 1580 844 1645 ebrius
868 1583 972 1646 amnis
1060 1602 1113 1650 250

98 1669 235 1733 Mutatis
258 1669 294 1733 in
316 1669 392 1733 vina
413 1669 519 1754 vadis3
541 1669 606 1732 iam
631 1673 745 1754 sponte
767 1692 825 1754 per
848 1692 944 1757 agros

98 1757 220 1822 Sudent
243 1757 391 1843 inriguae
415 1757 572 1841 spirantia
594 1757 739 1821 balsama
761 1761 873 1823 venae!

100 1845 224 1929 Currat,
248 1846 304 1929 qui
329 1845 434 1909 sociae
456 1849 550 1931 roget
573 1845 608 1909 in
631 1846 778 1911 convivia
801 1868 929 1910 mensae

99 1933 272 2020 Indigenas
294 1932 438 2018 Fluvios,
460 1931 553 1997 Italis
577 1934 771 2018 quicumque
794 1934 965 1999 suberrant

98 2021 266 2086 Montibus
289 2020 490 2106 Alpinasque
513 2021 631 2085 bibunt
654 2022 692 2087 de
715 2045 804 2087 more
826 2024 972 2107 pruinas:
1061 2042 1114 2091 255

97 2111 343 2194 Vulturnusque
365 2133 464 2195 rapax
488 2114 520 2174 et
542 2109 613 2175 Nar
634 2111 769 2175 vitiatus
794 2112 892 2176 odoro

100 2199 260 2283 Sulphure
282 2200 493 2283 tardatusque
517 2199 584 2262 suis
608 2198 772 2263 erroribus
795 2199 898 2263 erns

98 2288 143 2351 Et
165 2287 406 2351 Phaethonteae
428 2309 599 2371 perpessus
623 2287 738 2351 damna
761 2287 873 2351 ruinae

99 2375 262 2439 Eridanus
284 2376 449 2458 flavaeque
472 2379 579 2438 terens
603 2379 752 2458 querceta
774 2375 915 2440 Maricae

98 2463 185 2527 Liris
209 2466 240 2526 et
264 2460 416 2526 Oebaliae
440 2463 496 2546 qui
519 2467 676 2546 temperat
700 2485 775 2527 arva
799 2463 963 2528 Galaesus
1061 2483 1113 2532 260

100 2551 232 2635 Semper
254 2549 432 2615 honoratus
454 2552 577 2616 nostris
601 2551 816 2616 celebrabitur
837 2552 934 2616 undis

98 2639 164 2704 Istc
188 2639 265 2724 dies,
289 2661 414 2723 semper
437 2640 574 2723 dapibus
597 2640 756 2704 recoletur
779 2639 922 2724 opimis'.

167 2727 220 2793 Sic
244 2727 290 2791 ait
314 2731 345 2791 et
368 2727 540 2812 Nymphae
562 2728 665 2812 patris
689 2732 858 2812 praecepta
882 2734 1009 2794 secutae

99 2817 197 2882 Tecta
218 2820 334 2900 parant
358 2816 462 2900 epulis
486 2821 638 2900 ostroque
662 2817 781 2881 infecta
805 2838 937 2883 corusco

99 2906 218 2971 Vmida
241 2905 439 2993 gemmiferis
463 2905 582 2969 inluxit
605 2905 696 2991 regia
718 2905 846 2970 mensis.
1060 2926 1114 2974 265

167 2992 193 3058 Ο
217 2993 298 3057 benc
322 2993 487 3080 signatum
509 2994 652 3058 fraterno
675 2994 806 3058 nomine
828 2997 969 3078 tempusl

101 3081 127 3147 Ο
151 3081 400 3168 consanguineis
423 3081 503 3145 felix
526 3081 713 3146 auctoribus
736 3104 849 3167 annus,

98 3169 209 3255 Incipe
233 3170 448 3254 quadrifidum
470 3169 595 3234 Phoebi
617 3175 768 3254 torquere
791 3171 943 3235 laborem.

74 3328 76 3334 ,
98 3258 209 3325 Prima
231 3258 294 3322 tibi
316 3259 468 3343 procedat
491 3258 595 3322 hiems
617 3281 684 3322 non
706 3260 828 3346 frigore
850 3264 993 3345 torpens,

74 3356 75 3362 ’
98 3346 177 3412 Non
199 3369 295 3411 canas
317 3347 436 3411 vestita
457 3346 558 3432 nives,
580 3369 647 3411 non
670 3369 782 3431 aspera
804 3348 920 3432 ventis,
1061 3367 1114 3416 270

167 3545 223 3591 249
239 3537 362 3610 Naides]
380 3539 518 3610 θεάτρου
535 3537 669 3594 Naiadas,
