2438 3832
103 144 202 216 (VIII.)
217 145 400 200 PANEGYR.
411 146 459 199 DE
475 146 622 212 QVARTO
638 147 855 203 CONSVLATV
869 147 1032 204 HONORII.
1053 149 1114 213 111

100 307 269 372 Terribilis
292 306 407 372 Mauro
431 309 672 393 debellatorque
695 310 845 374 Britanni

98 397 221 461 Litoris
245 420 282 460 ac
304 397 424 480 pariter
447 398 570 463 Boreae
592 404 739 463 vastator
761 405 793 463 et
816 399 939 464 Austri.

101 486 185 562 Quid
207 486 296 572 rigor
319 491 467 550 aeternus
473 540 482 571 ⁷
505 487 584 551 caeli
608 487 686 571 quid
709 488 833 574 frigora
855 494 993 572 prosunt
1081 507 1116 556 30

99 574 317 661 Ignotumque
339 576 481 639 fretum?
504 577 696 641 maduerunt
720 576 846 641 Saxone
869 578 942 642 fuso

101 663 254 749 Orcades3
277 664 412 727 incaluit
435 664 601 729 Pictorum
625 666 781 752 sanguine
804 665 920 751 Thyle

101 752 287 817 Scottorum
311 753 456 817 cumulos
480 754 569 818 flevit
592 754 738 840 glacialis
761 755 910 819 Hiveme.
959 813 960 818 ,

101 841 185 918 Quid
208 842 295 906 calor
320 841 451 905 obsistit
474 843 575 906 forti?
597 866 655 926 per
677 849 770 907 vasta
793 844 934 907 cucurrit

98 930 297 1014 Aethiopum
321 930 485 1013 cinxitque
507 932 600 995 novis
623 931 759 996 Atlanta
781 932 946 1017 maniplis,

99 1019 290 1105 Virgineum
314 1018 449 1083 Tritona
471 1020 556 1084 bibit
580 1043 773 1104 sparsosque
796 1021 927 1085 venenis

101 1107 291 1193 Gorgoneos
314 1108 395 1172 vidit
418 1109 579 1173 thalamos
603 1114 635 1173 et
658 1110 721 1173 vile
744 1110 885 1173 virentes

99 1196 314 1280 Hesperidum
338 1196 424 1281 risit⁷
447 1220 529 1280 quos
553 1198 634 1261 ditat
657 1198 782 1283 fabula,
804 1220 920 1262 ramos

100 1285 170 1349 Arx
193 1285 323 1349 incensa
346 1284 458 1372 Iubae,
481 1287 587 1350 rabies
610 1287 776 1351 Maurusia
799 1287 885 1350 ferro

101 1373 206 1437 Cessit
230 1379 262 1438 et
286 1375 411 1457 antiqui
434 1376 611 1459 penetralia
635 1376 742 1439 diruta
764 1375 893 1440 Bocchi.

169 1462 232 1526 Sed
254 1462 365 1526 laudes
388 1464 517 1550 genitor
539 1466 636 1550 longe
659 1468 882 1551 transgressus
906 1464 1010 1529 avitas

101 1550 252 1616 Subdidit
276 1551 438 1616 Oceanum
462 1553 598 1636 sceptris
622 1558 654 1617 et
676 1553 822 1640 margine
846 1554 925 1617 caeli

103 1640 227 1703 Clausit
252 1662 342 1725 opes,
366 1646 523 1724 quantum
547 1642 669 1706 distant
693 1665 711 1706 a
734 1642 865 1728 Tigride
889 1641 1009 1728 Gades,

100 1728 190 1792 Inter
214 1752 247 1792 se
270 1729 388 1792 Tanais
413 1736 570 1813 quantum
592 1730 753 1814 Nilusque
775 1731 976 1814 relinquunt:

98 1817 188 1881 Haec
211 1822 333 1902 tamen,
356 1818 532 1883 innumeris
556 1841 613 1903 per
636 1842 670 1883 se
694 1819 840 1903 quaesita
863 1820 1018 1904 tropaeis,
1082 1837 1117 1885 45

98 1906 176 1971 Non
198 1906 325 1992 generis
350 1907 449 1993 donc,
470 1931 538 1972 non
561 1908 736 1972 ambitione
759 1908 893 1992 potitus.

99 1995 207 2081 Digna
230 1995 294 2081 legi
318 1994 430 2060 virtus,
476 1996 573 2062 Ultro
598 2019 631 2061 se
654 2020 797 2080 purpura
821 1997 956 2080 supplex

99 2082 228 2147 Obtulit
252 2089 284 2148 et
308 2085 397 2147 solus
420 2085 538 2149 meruit
561 2107 695 2171 regnare
719 2091 862 2171 rogatus.

98 2172 185 2236 Nam
208 2196 280 2236 cum
305 2173 470 2238 barbaries
493 2174 622 2258 penitus
647 2179 807 2237 commota
829 2177 1009 2259 gementem

98 2259 245 2325 inrueret
268 2261 451 2345 Rhodopen
474 2267 506 2327 et
529 2263 632 2326 mixto
655 2262 784 2326 turbine
807 2266 920 2349 gentes

98 2348 168 2412 Iam
192 2351 317 2415 deserta
342 2373 418 2416 suas
442 2352 476 2415 in
498 2374 558 2415 nos
582 2351 821 2416 transfunderet
843 2351 975 2437 Arctos,

100 2438 242 2503 Danuvii
267 2445 355 2504 totae
378 2444 543 2505 vomerent
568 2463 640 2505 cum
662 2440 785 2524 proelia
808 2440 911 2525 ripae,

101 2526 183 2590 Oum
207 2526 327 2593 Geticis
350 2530 464 2616 ingens
487 2534 686 2613 premeretur
708 2529 815 2612 Mysia
838 2529 993 2612 plaustris

98 2615 262 2699 Flavaque
285 2617 451 2681 Bistonios
476 2619 637 2702 operirent
661 2618 790 2704 agmina
813 2640 955 2703 camposr,
1017 2685 1020 2692 .

99 2703 258 2768 Omnibus
282 2706 419 2770 adflictis
444 2712 475 2770 et
498 2709 550 2771 vel
573 2706 758 2771 labentibus
781 2707 849 2770 ictu
951 2781 956 2797 ⁵

98 2791 161 2856 Vel
184 2816 284 2877 prope
308 2796 443 2859 casuris:
466 2818 550 2859 unus
573 2800 624 2860 tot
647 2796 760 2859 funera
784 2799 896 2859 contra

97 2881 218 2945 Restiti
257 2884 458 2967 extinxitque
481 2885 567 2948 faces
591 2884 742 2970 agrisque
766 2884 898 2947 colonos

98 2970 250 3035 Reddidit
275 2976 306 3036 et
329 2972 387 3036 leti
411 2973 519 3056 rapuit
542 2973 580 3037 de
602 2972 751 3037 faucibus
774 2971 880 3036 urbes.

98 3058 200 3122 Nulla
223 3061 336 3125 relicta
359 3063 443 3125 foret
467 3061 605 3125 Romani
628 3060 768 3125 nominis
792 3059 920 3143 umbra,

99 3146 143 3211 Ni
167 3154 259 3231 pater
281 3151 336 3213 ille
360 3155 436 3214 tuus
460 3151 589 3214 iamiam
612 3150 737 3213 ruitura
761 3149 901 3212 subisset
1081 3165 1115 3214 60

97 3235 245 3301 Pondera
269 3239 497 3322 turbatamque
521 3244 624 3303 ratem
648 3242 797 3321 certaque
820 3239 959 3301 levasset

97 3324 315 3413 Naufragium
340 3350 508 3392 commune
531 3350 641 3392 manu:
664 3327 753 3391 velut
777 3327 887 3390 ordine
910 3331 1007 3409 rupto

99 3413 180 3477 Oum
204 3417 317 3499 procul
340 3417 471 3481 insanae
494 3417 659 3481 traherent
682 3415 887 3479 Phaethonta
911 3413 1086 3498 quadrigae

98 3501 306 3588 Saeviretque
330 3506 397 3569 dies
420 3511 603 3590 terramque
626 3509 660 3570 et
683 3508 805 3594 stagna
824 3503 1016 3591 propinqui
