2438 3832
99 141 143 205 30
424 139 569 195 CLAVDII
588 140 788 196 CLAVDIANI

97 301 156 388 Ite,
179 302 242 367 mei
265 302 427 386 quondam
450 302 550 367 socii'
594 302 664 368 Nec
685 303 779 386 plura
801 304 930 368 locutus

97 390 204 456 Flexit
227 391 302 455 iter:
329 413 430 456 vacuo
454 391 559 475 qualis
583 392 716 456 discedit
739 392 831 456 hiatu

98 477 276 564 Impatiens
299 502 440 545 remeare
462 482 522 566 leo,
547 480 803 564 quamplurima
827 481 935 566 cuspis

97 569 143 632 Et
165 570 346 652 pastorales
368 570 561 654 pepulenmt
584 569 659 654 igne
683 573 837 657 catervae,

97 655 300 741 inclinatque
323 657 417 722 iubas
440 658 641 741 demissaque
664 658 786 722 lumina
809 659 896 724 velat
1062 677 1116 726 255

96 746 143 811 Et
165 746 307 831 trepidas
330 751 454 811 maesto
478 746 614 810 rimatur
636 769 799 812 murmure
823 748 930 812 silvas,

164 835 210 898 Vt
234 857 304 898 sese
326 835 412 921 legio
435 835 516 899 vidit
540 835 700 899 disiuncta
722 836 871 921 relinqui,

97 921 267 1009 Ingentem
289 923 378 987 tollit
401 923 558 1010 gemitum
581 923 755 1009 galeasque
778 925 895 989 solutis

97 1011 248 1076 Vmectat
271 1011 413 1076 lacrimis
436 1033 644 1096 pressamque
666 1013 827 1077 morantia
850 1035 961 1078 vocem

97 1100 280 1165 Thoracum
302 1100 426 1166 validos
449 1100 581 1185 pulsant
605 1101 744 1185 suspiria
765 1124 881 1166 nexus:
1062 1121 1115 1169 260

98 1188 289 1274 ‘Tradimur,
307 1190 379 1273 heu,
397 1193 589 1272 tantumque
608 1189 699 1272 sequi
717 1190 927 1273 prohibemur
945 1214 1087 1256 amorem
1095 1193 1116 1256 1’

96 1278 299 1342 Exclamant.
345 1277 530 1362 ‘Spernisne
553 1281 636 1362 tuas,
659 1278 724 1341 dux
747 1279 877 1364 optime,
901 1279 1039 1367 dextras,

97 1366 185 1442 Quas
208 1365 270 1430 tibi
292 1366 440 1429 victrices
463 1366 584 1430 totiens
606 1366 742 1430 Bellona
764 1366 939 1451 probavit?

96 1454 168 1520 Nos
192 1454 270 1519 adeo
293 1454 395 1518 viles?
418 1453 497 1519 adeo
521 1455 646 1519 felicior
668 1455 738 1518 axis

96 1543 283 1628 Hesperius,
306 1542 424 1606 meruit
448 1543 503 1626 qui
526 1548 558 1607 te
581 1547 705 1607 rectore
727 1543 855 1607 teneri?
1061 1563 1113 1613 265

98 1630 182 1708 Quid
203 1631 299 1695 nobis
322 1631 470 1717 patriam,
493 1632 571 1715 quid
594 1654 667 1696 cara
690 1632 827 1696 revisere
850 1632 980 1697 tandem

97 1720 239 1807 Pignora
263 1719 436 1785 dilectosve
458 1720 548 1785 iuvat
572 1721 709 1785 coluisse
732 1721 887 1804 penates?

96 1808 142 1873 Te
166 1810 234 1873 sine
258 1808 350 1872 dulce
371 1808 462 1874 nihil.
507 1807 577 1873 Iam
600 1809 773 1874 formidata
795 1809 927 1893 tyranni

97 1896 286 1982 Tempestas
310 1896 476 1961 subeunda
498 1897 588 1983 mihi,
611 1898 667 1982 qui
690 1899 776 1963 forte
797 1898 953 1963 nefandas

99 1985 189 2050 Clam
211 1989 305 2070 parat
328 1984 471 2070 insidias,
494 1985 550 2069 qui
572 2009 633 2051 nos
656 1991 713 2050 aut
735 1986 887 2070 turpibus
910 1985 1017 2051 Hunis
1061 2003 1114 2053 270

96 2073 165 2139 Aut
187 2074 356 2158 impacatis
380 2074 519 2138 famulos
542 2075 711 2159 praebebit
733 2073 863 2160 Alanis,

98 2161 299 2246 Quamquam
321 2185 388 2227 non
411 2163 489 2228 adeo
512 2164 613 2229 robur
635 2163 787 2241 defecerit
811 2185 904 2228 omne

97 2251 240 2316 Tantave
263 2252 413 2338 gestandi
435 2253 534 2317 fuerit
556 2253 690 2337 penuria
709 2251 798 2317 'ferri

97 2340 156 2426 Tu,
179 2341 254 2403 licet
279 2340 410 2404 occiduo
433 2363 563 2406 maneas
587 2342 647 2406 sub
671 2341 799 2406 cardine
822 2340 911 2426 caeli,

97 2428 147 2492 Tu
160 2427 241 2491 mihi
256 2427 321 2491 dux
335 2450 469 2513 semper,
484 2429 630 2514 Stilicho,
643 2433 853 2512 nostramque
867 2429 919 2493 vol
934 2430 1050 2495 absens
1060 2445 1113 2496 275

95 2515 273 2600 Experiere
295 2516 399 2581 fidem.
445 2516 586 2581 Dabitur
608 2517 670 2581 tibi
693 2517 802 2581 debita
824 2517 949 2601 pridem

96 2603 252 2669 Victima:
275 2604 444 2689 promissis
467 2607 563 2692 longe
586 2606 755 2689 placabere
778 2605 899 2670 sacris?

164 2692 305 2757 Tristior
326 2692 516 2758 Haemoniis
538 2693 631 2758 miles
655 2695 819 2782 digressus
842 2695 883 2758 ab
907 2694 973 2766 oris

97 2781 266 2868 Tangebat
288 2780 450 2846 Macetum
472 2784 553 2846 fines
575 2805 750 2867 murosque
773 2783 914 2868 subibat,

98 2869 336 2955 Thessalonica,
359 2874 442 2935 tuos.
489 2869 592 2936 Sensu
615 2872 708 2936 dolor
730 2871 841 2936 haeret
863 2871 898 2935 in
920 2871 988 2935 alto
1061 2887 1114 2937 280

97 2958 240 3025 Abditas
263 2962 295 3022 et
318 2959 435 3023 tacitas
457 2960 617 3026 vindictae
639 2961 816 3045 praestruit
839 2960 913 3045 iras,

98 3047 333 3132 Spectatorque
357 3048 467 3113 favens
492 3049 574 3114 odiis
597 3050 688 3114 locus
712 3054 851 3134 aptaque
873 3048 939 3112 leto

99 3136 265 3221 Tempora.
309 3135 379 3201 Nec
403 3137 573 3221 quisquam
595 3143 688 3203 tanta
711 3138 750 3202 de
772 3138 857 3222 pube
880 3140 1036 3222 repertus,

97 3224 253 3289 Proderet
274 3224 414 3289 incautis
438 3227 495 3309 qui
518 3227 614 3292 corda
636 3226 794 3291 minantia
815 3225 933 3290 verbis.

96 3312 188 3390 >Quae
210 3335 277 3377 non
298 3314 482 3401 posteritas,
506 3338 588 3401 quae
609 3338 676 3381 non
698 3315 871 3380 mirabitur
893 3317 981 3378 aetas
1061 3328 1115 3379 181

170 3511 224 3560 270
244 3504 335 3577 Clam]
354 3509 468 3578 11111113·
485 3507 551 3564 iam.
