2438 3832
98 157 222 228 (XXIV.)
246 157 295 212 DE
315 157 466 215 CONSVL.
487 155 709 214 STILICHONIS
729 157 840 212 LIBER
858 157 1021 214 TERTIVS.
1048 159 1113 223 175

95 321 141 386 Et
164 322 265 386 fixum
288 321 346 385 dea
370 325 502 404 quassat
526 322 606 386 ebur
628 321 821 405 penitusque
845 322 985 386 eruentis

98 409 262 494 Stirpibus
286 410 407 475 avulsis
430 411 561 495 patulos
585 415 729 475 exarmat
750 410 868 475 hiatus.

96 498 190 585 Ipsos
214 499 295 583 quin
317 500 415 564 etiam
436 499 532 564 nobis
555 499 710 564 miracula
732 499 830 563 vellet

96 589 235 654 Ducere:
260 588 316 653 sed
337 588 431 674 pigra
455 589 600 654 eunetari
622 589 708 653 mole
731 593 867 653 veretur.
1061 603 1113 653 311

165 677 349 762 Tyrrhenas
372 678 458 741 fetus
481 676 622 762 Libycos
645 677 792 761 amplexa
814 699 872 761 per
894 676 997 740 undas

99 766 222 832 Classis
245 770 338 831 torva
362 770 466 851 sonat,
489 766 685 849 caudamque
713 766 749 830 in
771 788 878 850 puppe
902 769 1092 848 retorquens

97 854 150 919 Ad
171 877 303 940 proram
324 854 407 919 iaeet
430 877 533 938 usque
556 855 622 920 leo:
645 855 701 920 vix
724 854 872 920 sublevat
894 877 995 920 unum

100 944 205 1009 Tarda
227 944 321 1008 ratis!
343 943 506 1008 Fremitus
531 944 657 1030 stagnis
681 944 811 1009 auditur
832 944 868 1008 in
890 943 964 1008 imis

100 1032 287 1117 Cunctaque
310 1033 486 1117 prosiliunt
510 1036 578 1098 cete
602 1036 792 1116 terrenaque
815 1031 940 1098 Nereus
1063 1049 1115 1099 360

100 1121 233 1188 Confert
255 1127 401 1186 monstra
425 1122 492 1186 suis
516 1124 548 1185 et
570 1142 638 1186 non
660 1143 796 1204 aequare
819 1121 948 1186 fatetur.

98 1211 250 1295 Aequora
273 1211 321 1275 sie
343 1211 448 1276 vietor
471 1210 621 1294 quotiens
643 1209 821 1295 perrubra
843 1211 969 1295 Lyaeus

57 1374 61 1379 ⁴
97 1300 251 1386 Navigat,
274 1301 441 1384 intorquet
464 1300 591 1364 clavum
614 1297 743 1364 Silenus
766 1303 799 1363 et
822 1321 911 1364 aeres

98 1388 269 1454 Adsudant
292 1390 397 1453 tonsis
421 1388 530 1474 Satyri
552 1388 744 1472 taurinaque
766 1388 864 1472 pulsu

99 1477 300 1542 Baeeharum
322 1478 473 1543 Bromios
496 1478 636 1543 invitant
659 1482 814 1562 tympana
837 1499 956 1542 remos:
1064 1494 1115 1543 365

99 1566 255 1632 Transtra
277 1567 390 1653 ligant·
404 1567 549 1653 hederae,
572 1567 694 1632 malum
717 1567 904 1632 circumflua
925 1566 1024 1631 vestit

99 1655 285 1742 Pampinus‚
308 1657 457 1721 antennis
479 1656 637 1721 inlabitur
659 1655 749 1720 ebria
773 1678 913 1741 serpens,

100 1745 225 1828 Perque
248 1767 336 1809 mero
360 1744 506 1810 madidos
530 1749 663 1810 currunt
687 1744 872 1828 saliuntque
895 1743 1046 1808 rudentes

100 1833 225 1916 Lynees
249 1839 281 1898 et
303 1834 454 1899 insolitae
477 1835 637 1899 mirantur
660 1834 793 1898 carbasa
816 1833 925 1920 tigres.

172 2032 225 2081 317
244 2028 338 2098 torva]
358 2028 484 2097 Birtia85
502 2028 594 2082 turba.
