2438 3832
98 146 199 224 (XXI.)
211 146 260 200 DE
275 144 495 202 CONSVLATV
511 145 738 203 STILICHONIS
752 148 861 203 LIBER
876 149 1018 206 PRIMVS.
1052 151 1115 215 147

98 309 194 376 Pacis
219 313 251 373 et
274 309 405 396 ingenio
429 309 648 395 scelerumque
673 311 820 394 cupidine
843 313 969 378 fratres.
1064 330 1115 380 145

166 398 247 462 Ρο11
271 397 409 463 domitas
433 397 551 463 Arctos
575 399 639 463 alio
662 401 811 484 prorupit
834 400 875 464 ab
899 424 958 467 axe

97 489 288 572 Tempestas
312 491 353 572 et,
375 509 416 551 ne
440 509 503 570 qua
526 488 592 551 tuis
615 488 737 552 intacta
760 490 902 572 tropaeis

98 578 180 642 Pars
204 576 297 663 foret,
320 574 484 639 Australis
509 577 618 640 sonuit
641 578 729 641 tuba.
765 576 912 642 Moverat
936 601 1047 644 omnes

100 667 289 731 Maurorum
314 663 409 728 Gildo
432 666 580 750 populos,
604 666 722 748 quibus
744 666 880 731 inminet
903 665 998 733 Atlas

98 755 145 820 Et
169 776 251 838 quos
273 753 409 817 interior
431 754 531 817 nimio
554 754 652 840 plaga
675 756 743 819 sole
766 755 902 842 relegat:
1064 775 1116 825 150

100 843 188 921 Quos
211 864 314 929 vagus
337 846 479 906 umectat
504 841 625 926 Cinyps
649 847 680 907 et
703 843 870 927 proximus
893 845 997 910 hortis

98 931 314 1016 Hesperidum
337 931 453 995 Triton
476 935 508 995 et
532 930 590 995 Gir
611 933 801 996 notissimus
825 934 929 998 amnis

99 1021 308 1106 Aethiopum,
332 1019 430 1083 simili
453 1019 609 1084 mentitus
632 1021 762 1107 gurgite
784 1019 911 1108 Nilum,

98 1110 241 1175 Venerat
265 1113 297 1173 11
319 1108 428 1192 parvis
451 1108 620 1172 redimitus
642 1108 739 1175 Nuba
763 1110 893 1195 sagittis

99 1199 145 1264 Et
159 1198 255 1262 velox
269 1196 433 1282 Garamas,
446 1219 505 1260 nec
521 1197 667 1280 quamvis
682 1198 832 1262 tristibus
846 1197 1010 1265 Hammon
1065 1217 1116 1267 155

99 1286 278 1370 Responsis
301 1285 439 1349 alacrem
461 1286 570 1369 potuit
592 1284 779 1351 Nasamona
801 1288 929 1352 morari.

100 1375 271 1460 Stipantur
292 1373 452 1439 Numidae
476 1374 589 1460 campi,
613 1379 701 1439 stant
724 1377 856 1459 pulvere
880 1375 991 1461 Syrtes

101 1464 265 1549 Gaetulae,
287 1463 416 1527 Poenus
439 1463 554 1527 iaeulis
578 1464 743 1528 obtexitur
765 1487 827 1530 aer.

99 1553 144 1617 Hi
167 1552 260 1639 virga
283 1551 490 1616 moderantur
513 1574 627 1638 equos3
650 1553 702 1616 his
726 1554 815 1619 fulva
837 1553 947 1618 leones

99 1641 291 1706 Velamenta
314 1639 434 1704 dabant
456 1640 706 1727 ignotarumque
729 1642 869 1707 ferarum
1063 1662 1116 1712 110

99 1730 254 1816 Exuviae,
276 1729 379 1793 vastis
401 1727 510 1793 Meroe
535 1751 616 1812 quas
637 1731 742 1796 nutrit
765 1732 907 1817 baronia,

100 1818 293 1903 Serpentum
315 1817 446 1901 patulos
470 1821 599 1903 gestant
622 1841 681 1903 pro
706 1820 828 1884 casside
852 1820 967 1907 rictus3

99 1908 244 1972 Pendent
268 1907 413 1990 vipereae
437 1928 609 1989 squamosa
631 1908 715 1991 pelle
738 1909 916 1992 pharetrae.

99 1997 177 2062 Non
200 1997 245 2060 sic
267 1995 435 2059 intremuit
459 1993 586 2081 Simois,
610 2017 683 2060 cum
705 1998 872 2061 montibus
895 1995 970 2061 Idae

98 2084 203 2170 Nigra
227 2084 389 2148 coloratus
413 2084 602 2167 produceret
626 2086 755 2172 agmina
777 2086 939 2171 Memnon,
1063 2105 1115 2156 115

98 2173 176 2239 Non
199 2171 337 2258 Ganges,
360 2193 433 2235 eum
456 2173 521 2236 1111
543 2175 657 2256 procul
679 2175 883 2240 vibrantibus
906 2173 995 2240 Indis

98 2260 242 2326 Inmanis
266 2259 406 2324 medium
428 2263 569 2324 vectaret
593 2262 689 2324 belua
710 2262 840 2328 Porum.

98 2351 202 2415 Porus
225 2348 420 2432 Alexandr0,
442 2347 595 2413 Memnon
617 2354 800 2433 prostratus
823 2351 955 2439 Achilli,

100 2439 195 2504 Gildo
218 2459 332 2521 nempe
357 2437 428 2501 tibi.

467 2524 537 2590 Nee
560 2527 665 2591 solum
688 2528 831 2592 fervidus
853 2527 1021 2618 Austrum,

100 2616 162 2682 Sed
184 2619 293 2699 partes
317 2615 414 2678 etiam
436 2613 567 2679 Mavors
590 2616 736 2703 agitabat
758 2616 855 2682 ans.
1061 2636 1116 2687 110

99 2704 253 2782 Quamvis
277 2704 477 2787 obstreperet
499 2704 613 2790 pietas,
635 2705 687 2769 his
709 2705 765 2769 ille
788 2705 945 2793 regendae

99 2793 322 2858 Transtulerat
344 2813 463 2856 nomen
484 2791 607 2877 Libyae
631 2794 806 2877 scelerique
828 2796 965 2878 profano

97 2883 212 2946 Fallax
235 2881 415 2968 legitimam
437 2881 528 2966 regni
551 2883 775 2965 praetenderat
798 2884 954 2947 umbram.

98 2971 258 3058 Surgebat
282 2970 446 3056 geminum
468 2969 558 3034 varia
580 2970 751 3034 formidine
773 2970 904 3056 bellum,

97 3060 170 3125 Hoc
194 3059 301 3145 armis,
323 3059 385 3123 hoc
408 3058 501 3122 triste
525 3058 616 3123 dolis.
652 3058 725 3123 Hoc
746 3057 859 3124 Africa
883 3060 986 3124 saevis
1058 3077 1111 3127 115

99 3149 251 3213 Cinxerat
275 3147 412 3232 auxiliis,
434 3147 497 3210 hoe
520 3147 705 3211 coniuratus
729 3147 836 3211 alebat

96 3237 227 3302 Insidiis
252 3235 374 3301 Oriens.
412 3233 507 3300 IMinc
531 3236 634 3300 edicta
656 3237 808 3301 meabant

98 3326 298 3410 Corruptura
322 3325 434 3410 duces,
456 3324 532 3389 hine
555 3323 704 3411 frugibus
727 3329 797 3389 atra
819 3325 946 3411 negatis

96 3415 244 3502 Vrgebat
268 3413 489 3498 trepidamque
512 3413 613 3477 fames
637 3412 806 3478 obsederat
830 3413 950 3478 urbem.

97 3504 240 3570 Exitiale
263 3504 371 3588 palam
392 3502 564 3591 Libycum3
588 3501 681 3567 civile
703 3501 835 3587 pudoris
1059 3521 1120 3567 aas

862 3605 919 3661 ab*
