2438 3832
94 169 243 227 GARMIN.
262 171 390 227 MINOR.
410 171 688 241 CORPVSOVLVM,
708 189 731 229 c.
745 173 997 228 XXXI-XXXIV.
1041 173 1109 238 249

94 333 203 398 Mente
221 339 313 418 pater
336 335 483 419 tantique
507 336 592 400 dedit
616 337 779 401 consortia
801 336 907 423 regni,

94 421 197 506 Impia
220 428 257 487 tu
279 428 409 488 nostrae
433 424 585 489 domuisti
609 425 742 489 crimina
765 425 850 489 vitae

96 512 214 576 Passus
239 534 391 596 corporea
413 535 533 578 numen
554 514 672 579 vestire
696 515 801 601 figura
1091 532 1109 577 5

95 600 272 684 Adfarique
295 603 403 685 palam
425 602 564 687 populos
586 603 813 687 hominemque
835 603 940 667 fateri.

97 689 213 774 [Quem
235 691 334 755 verbo
357 691 501 755 infusum
524 692 644 756 Mariae
667 714 743 756 mox
765 693 896 756 numine
919 691 1003 775 viso]

94 778 242 865 Virginei
264 784 410 844 tumuere
434 780 537 866 sinus,
559 781 758 864 innuptaque
781 785 884 845 mater

95 866 223 932 Arcano
248 869 371 952 stupuit
396 869 548 953 compleri
570 871 693 935 viscera
715 873 811 953 partu

95 955 270 1021 Auctorem
293 958 437 1040 paritura
461 981 567 1022 suum:
590 959 740 1023 mortalia
764 959 860 1023 corda
1075 974 1110 1023 10

95 1044 263 1109 Artificem
285 1050 392 1110 texere
415 1047 496 1132 poli,
518 1047 692 1130 mundique
715 1052 860 1131 repertor

95 1134 176 1198 Pars
200 1135 262 1198 fuit
285 1134 417 1199 humani
440 1136 580 1221 generis,
602 1137 762 1220 latuitque
786 1136 845 1200 sub
869 1157 934 1200 uno

95 1222 243 1309 Pectore,
267 1224 323 1307 qui
345 1227 452 1287 totum
475 1224 540 1288 late
563 1225 788 1308 complectitur
812 1225 935 1308 orbern,

95 1311 141 1375 Et
166 1311 221 1395 qui
243 1334 310 1375 non
334 1313 447 1396 spatiis
470 1317 588 1399 terrae,
610 1335 677 1378 non
700 1314 848 1397 aequoris
871 1313 957 1377 unda

94 1399 164 1465 Nec
188 1401 313 1484 capitur
336 1402 437 1487 caelo,
460 1424 578 1485 parvos
601 1403 756 1467 confluxit
778 1403 814 1467 in
836 1407 934 1466 artus.
1077 1417 1110 1465 15

97 1488 182 1565 Quin
204 1494 236 1553 et
260 1491 409 1573 supplicii
431 1490 549 1556 nomen
571 1513 736 1575 nexusque
760 1491 891 1576 subisti,

95 1577 141 1642 Vt
163 1600 224 1641 nos
248 1579 429 1662 subriperes
452 1581 518 1645 leto
541 1586 741 1665 mortemque
766 1581 896 1667 fugares

96 1665 201 1730 Morte
224 1670 295 1752 tua,
318 1690 393 1731 mox
417 1669 574 1733 aetherias
598 1674 726 1734 evectus
748 1670 784 1734 in
806 1691 901 1733 auras

96 1754 240 1840 Purgata
262 1760 409 1838 repetens
433 1757 554 1821 laetum
577 1759 692 1823 tellure
715 1763 889 1842 parentem.

163 1842 349 1930 Augustum
371 1845 496 1930 foveas,
519 1847 611 1910 festis
633 1851 670 1911 ut
694 1869 787 1930 saepe
811 1847 922 1910 diebus
1076 1864 1113 1912 ao

97 1930 215 1996 Annua
239 1932 354 1996 sinceri
378 1933 517 1997 celebret
539 1934 658 1998 ieiunia
682 1937 771 2000 sacri.

465 2144 744 2198 XXXIII-XXXIX.

244 2257 297 2316 DE
323 2256 554 2318 CRYSTALLO
579 2257 646 2318 CVI
669 2258 780 2328 AQVA
802 2258 963 2316 INERAT.

487 2393 611 2448 xxxin.
631 2393 726 2461 (ivr.)

97 2499 246 2564 Possedit
268 2500 389 2586 glacies
410 2506 544 2566 naturae
568 2502 660 2589 signa
682 2502 800 2586 prioris

141 2589 186 2653 Et
210 2590 248 2653 fit
270 2594 361 2673 parte
384 2591 480 2677 lapis,
503 2591 625 2678 frigora
648 2596 738 2675 parte
761 2595 867 2678 negat.

98 2677 219 2741 Sollers
242 2678 320 2743 lusit
342 2679 459 2765 hiems,
481 2680 732 2764 imperfectoque
754 2681 861 2767 rigore

142 2765 293 2831 Nobilior
315 2769 397 2832 rivis
420 2791 546 2854 gemma
568 2770 719 2833 tumescit
743 2769 843 2852 aquis.

477 2977 601 3031 xxxiv.
621 2977 731 3048 (uvir.)

98 3084 276 3170 Lymphae,
300 3107 380 3169 quae
403 3085 515 3171 tegitis
539 3090 677 3172 cognato
702 3109 825 3150 carcere
848 3087 1013 3173 lymphas,

142 3173 201 3257 Et,
225 3195 305 3256 quae
327 3196 413 3238 nuno
436 3174 513 3238 estis
538 3196 681 3258 quaeque
704 3176 826 3262 fuistis,
850 3198 964 3261 aquae,

100 3261 192 3338 Quod
214 3283 272 3326 vos
294 3262 460 3348 ingenium
482 3263 609 3326 iunxit?
633 3286 695 3347 qua
718 3264 850 3351 frigoris
873 3269 941 3329 arte

144 3351 279 3434 Torpuit
303 3354 335 3414 et
357 3351 480 3416 maduit
502 3351 688 3438 prodigiosa
711 3354 813 3418 silex?

169 3544 285 3613 XXXII,
305 3550 321 3598 5
345 3546 461 3615 numen]
480 3547 594 3616 scripsi;
611 3546 754 3600 mundum.
