2438 3832
105 149 171 214 232
433 148 578 204 cnavnu
597 148 798 204 1111111111

103 311 164 397 Et,
188 333 261 375 cum
285 311 330 375 sic
354 311 475 398 rigidae
500 314 609 375 cautes
632 311 757 376 fervore
779 312 974 398 liquescant,

151 399 352 484 Contemptis
376 400 480 464 audax
503 400 635 486 ignibus
658 400 759 464 herba
781 401 872 466 viret.

27 541 30 545 ’
103 533 274 597 Ρ11111111
297 532 434 620 grandes
458 532 576 596 effosso
599 554 758 597 marmore
782 533 863 597 sulci

150 621 265 686 Saucia
288 621 467 708 longinquo
491 620 595 685 limite
618 643 695 684 11111
719 625 837 686 secant.

104 709 257 775 Herculei
281 708 342 797 (sic
364 710 452 774 fama
474 706 588 795 refert)
611 713 812 774 monstratur
836 712 935 775 aratri

149 798 287 884 Semita,
310 798 362 862 rel
385 820 478 862 casus
501 797 640 862 vomeris
664 799 732 884 egit
755 821 844 883 opus.

103 886 144 951 ln
166 887 271 951 medio
294 887 402 973 pelagi
426 887 491 950 late
513 887 682 973 flagrantis
705 888 813 974 imago
883 923 887 931 ‹

151 975 305 1040 Caerulus
327 976 474 1039 inmenso
497 976 651 1059 panditur
674 998 727 1040 ore
751 977 840 1040 lacus

103 1063 233 1151 Ingenti
256 1065 348 1128 1111111
372 1064 493 1150 spatie,
517 1063 573 1128 sed
595 1065 698 1129 maior
719 1065 755 1128 111
778 1066 880 1129 altum

147 1153 253 1217 intrat
277 1157 309 1217 et
332 1174 466 1217 arcanae
485 1153 574 1236 rupis
598 1153 692 1217 inane
717 1153 817 1218 subit:

102 1243 230 1308 Densus
252 1242 339 1306 nube
363 1264 421 1305 sua
444 1245 597 1325 tactuque
619 1242 743 1306 inmitis
767 1246 799 1306 11
821 1243 955 1330 haustu,

147 1330 210 1395 Sed
233 1331 345 1394 vitreis
368 1330 453 1394 idem
475 1330 600 1394 lucidus
623 1352 726 1412 usquc
748 1331 847 1396 vadis.

104 1418 276 1483 Consuluit
297 1423 414 1483 natura
437 1418 514 1503 sibi,
536 1441 577 1482 ne
600 1423 671 1482 tota
693 1420 822 1505 lateret,

145 1506 350 1591 Admisitque
375 1506 500 1591 oculos,
523 1529 587 1590 quo
610 1510 699 1571 vetat
721 1507 768 1571 ire
793 1508 893 1572 calor:

101 1595 263 1660 Turbidus
286 1594 429 1679 impulsu
451 1595 540 1658 venti
563 1617 637 1658 cum
660 1597 824 1682 spargitur
846 1617 900 1660 aer

147 1683 332 1768 Glaucaque
355 1683 524 1747 fumiferae
546 1686 638 1770 terga
662 1689 788 1748 serenat
812 1707 927 1771 aquae,

101 1773 192 1837 Tunc
216 1794 343 1836 omnem
365 1771 481 1856 liquidi
503 1772 621 1837 vallem
643 1773 800 1837 mirabere
824 1774 928 1859 frmdi,

147 1861 238 1926 Tunc
260 1865 384 1927 veteres
406 1861 533 1946 hastae,
556 1861 645 1947 regia
668 1860 764 1947 dona,
787 1862 907 1926 micant

100 1949 202 2038 (Quas
225 1951 325 2036 inter,
347 1951 459 2036 nigrae
482 1949 625 2013 tenebris
649 1949 805 2014 obscurus
828 1950 978 2037 harenae,

144 2039 296 2104 Discolor
319 2039 494 2123 abruptum
516 2039 636 2102 flumen
658 2039 768 2102 hiatus
791 2040 873 2125 agit,

99 2125 267 2212 Adparent
289 2128 375 2191 infra
397 2126 553 2212 latebrae,
578 2148 658 2208 quas
681 2149 800 2213 gurges
824 2150 943 2212 opacus

143 2215 262 2301 Implet
285 2221 317 2280 et
340 2215 508 2279 abstrusos
533 2215 621 2279 ducit
643 2215 678 2279 in
701 2220 794 2281 antra
817 2214 939 2304 sinus);

99 2304 190 2369 Tunc
213 2305 334 2369 montis
357 2308 480 2368 secreta
502 2307 628 2388 patent,
653 2305 708 2387 qui
730 2306 833 2369 flexus
855 2306 891 2369 in
914 2328 1023 2370 arcum

143 2391 295 2476 Aequora
317 2392 470 2475 pendenti
492 2392 637 2477 margine
661 2414 785 2456 summa
808 2394 898 2479 ligat.

98 2524 183 2590 Viva
207 2528 378 2589 coronatos
402 2525 576 2611 adstringit
601 2547 715 2590 scaena
737 2548 887 2612 vapores,

142 2613 188 2678 Et
211 2614 291 2677 levis
314 2613 390 2677 exili
414 2614 532 2677 cortice
554 2617 641 2678 terra
664 2619 755 2679 natat

99 2702 352 2786 Calcantumque
376 2703 465 2766 oneri
487 2725 665 2787 numquam
688 2725 817 2767 cessura
839 2705 983 2769 virorum

143 2791 312 2857 Sustentat
335 2791 509 2876 trepidum,
532 2791 596 2854 fida
619 2793 725 2878 ruina,
747 2792 869 2877 pedem.

96 2880 196 2945 Facta
219 2903 317 2944 manu
341 2880 463 2944 credas:
488 2880 534 2943 sic
557 2880 637 2945 levis
661 2881 775 2945 circuit
799 2903 871 2945 oras

142 2969 295 3034 Ambitus
319 2973 351 3033 et
374 2969 481 3033 tenuis
504 2974 742 3054 perpetuusque
765 2970 857 3057 riget.

96 3057 240 3122 Haerent
264 3061 380 3144 stagna
402 3058 475 3122 lacu
497 3058 610 3141 plenas
633 3059 804 3142 aequantia
826 3059 914 3142 ripas

141 3146 444 3231 Praescriptumque
467 3146 583 3210 timent
606 3148 808 3212 transiluisse
831 3148 975 3235 modum3

97 3234 190 3312 Quod
214 3239 360 3321 superat,
383 3236 501 3300 fluvius
525 3235 644 3300 devexa
666 3258 745 3325 rupe
768 3236 899 3300 volutus

141 3324 257 3410 Egerit
281 3329 312 3388 et
336 3324 440 3408 campi
464 3324 559 3387 dorsa
581 3347 713 3389 recurva
735 3325 827 3409 petit.

95 3411 238 3476 Devehit
261 3417 429 3496 exceptum
451 3413 562 3477 nativo
587 3415 678 3496 spina
701 3418 818 3478 meatu.

133 3498 177 3562 ln
194 3501 330 3584 patulas
350 3501 480 3586 plumbi
503 3501 625 3565 labitur
646 3502 721 3566 inde
744 3503 826 3590 vias3
