2438 3832
248 110 369 181 (11111.)
387 111 427 164 nv
445 110 660 166 1110011111
678 111 789 166 amns
807 110 951 167 1011110.
1068 112 1109 176 51

97 271 166 337 Iam
190 273 296 338 scabie
313 274 441 338 laceras
465 273 579 338 deiecit
603 273 750 338 sordidus
774 295 877 359 aures,

98 360 203 427 Solvit
226 366 258 426 et
282 367 378 427 exuto
402 363 547 427 lucratur
569 363 697 427 vincula
721 364 814 428 collo,

76 453 86 466 '
162 450 225 515 Est
248 451 305 515 ubi
329 452 498 535 despectus
520 452 640 516 nimius
663 451 763 517 iuvat:
806 451 957 536 Vndique
980 452 1076 536 pulso

96 540 159 604 Per
183 544 314 604 cunctas
337 540 430 605 licuit
452 541 581 604 fraudes
603 541 734 624 impune
757 541 869 628 vagari

97 629 142 693 Et
165 629 242 693 fatis
265 630 388 713 aperire
410 630 504 694 viam.
549 630 614 694 Pro
639 630 786 713 quisquis
809 629 940 714 Olympi
1063 646 1113 696 140

98 717 230 783 Summa
253 722 353 803 tenes,
376 723 468 783 tanto
492 719 589 782 libuit
612 720 763 784 mortalia
785 719 853 783 risu

97 806 254 871 Vertere?
292 806 353 884 Qui
377 807 461 872 servi
483 829 551 871 non
573 812 622 872 est
645 808 805 873 admissus
827 808 863 872 in
885 830 989 894 usum,

99 893 282 980 Suscipitur
304 896 422 982 regnis,
446 900 478 960 et
502 918 597 979 quem
620 897 746 980 privata
768 897 954 965 ministrum

98 985 280 1071 Dedignata
303 985 426 1069 domuS,
449 985 669 1050 moderantem
693 986 831 1050 sustinet
848 985 935 1049 aula.

98 1072 145 1138 Vt
167 1074 307 1158 primum
330 1074 472 1138 vetulam
494 1077 602 1138 texere
624 1074 746 1157 palatia
768 1074 907 1159 vulpem,
1066 1089 1114 1138 145

101 1161 179 1237 Quis
202 1184 269 1227 11011
291 1162 471 1248 ingemuit?
504 1163 577 1246 quis
599 1185 667 1227 11011
688 1164 833 1247 inrepere
857 1163 957 1227 sacris

101 1249 273 1334 Obsequiis
296 1251 400 1316 doluit
423 1249 544 1317 totiens
568 1252 679 1315 venale
703 1251 858 1316 cadaver?

100 1338 168 1422 Ipsi
192 1341 271 1423 quin
294 1341 391 1413 etiarn
414 1341 474 1404 tali
497 1344 646 1404 consorte
669 1341 849 1405 fremebant

100 1428 238 1514 Regales
261 1428 385 1514 famuli,
408 1429 527 1512 quibus
550 1434 599 1493 cst
622 1429 792 1494 inlustrior
816 1429 894 1493 ordo

103 1516 242 1603 Servitii,
265 1518 451 1603 sociumque
475 1517 531 1582 diu
553 1540 701 1602 sprevere
725 1518 863 1602 superbi.
1065 1535 1116 1584 100

170 1604 306 1691 Cernite,
329 1628 429 1697 quem
446 1605 550 1670 Latiis
571 1611 708 1690 poscant
731 1608 897 1672 adnectere
920 1607 1027 1673 fastis:

104 1693 203 1758 Cuius
227 1699 259 1759 et
283 1695 447 1760 eunuchos
470 1695 598 1779 puduit!
634 1694 697 1760 sed
719 1696 815 1761 vilior
837 1699 912 1760 ante

102 1782 265 1847 Obscurae
287 1784 384 1848 latuit
407 1806 482 1867 pars
505 1784 711 1871 ignotissima
735 1785 859 1870 turbae,

101 1872 212 1935 Donec
235 1869 424 1936 Abundanti
447 1873 541 1937 furiis
565 1911 608 1919 —-
632 1874 688 1958 qui
711 1874 807 1938 rebus
829 1873 911 1939 Eois

102 1959 249 2024 Exitium
272 1961 475 2044 primumque
500 1962 563 2025 sibi
585 1962 738 2045 produxit
762 2000 804 2008 -
829 1962 869 2026 ab
892 1962 967 2026 imis
1067 1977 1118 2028 155

102 2048 243 2112 Evectus
267 2048 420 2114 thalamis
444 2071 587 2114 summos
609 2051 729 2115 invasit
751 2050 899 2115 honores.

103 2136 206 2213 Quam
229 2137 310 2202 bene
333 2138 527 2221 dispositum
549 2139 654 2224 terris,
676 2143 714 2203 ut
737 2139 854 2225 dignus
876 2139 980 2222 iniqui

101 2224 240 2290 Fructus
265 2226 392 2291 consilii
414 2227 528 2310 primis
551 2227 738 2291 auctoribus
761 2228 869 2291 instet.

104 2312 157 2378 Sic
180 2315 302 2378 multos
324 2315 424 2379 fluvio
447 2320 538 2380 vates
561 2320 670 2380 arente
693 2337 751 2400 per
774 2337 875 2380 annos

102 2402 241 2487 Hospite
266 2403 322 2487 qui
345 2425 437 2468 caeso
460 2405 588 2470 monuit
610 2405 737 2489 placare
760 2404 948 2491 Tonantem,
1068 2421 1119 2472 100

103 2490 256 2556 Inventas
278 2492 402 2576 primus
425 2492 585 2559 Busiridis
607 2494 725 2558 imbuit
748 2516 820 2558 aras

103 2581 149 2645 Et
172 2581 286 2645 cecidit
309 2582 405 2666 saevi,
428 2581 514 2664 quod
537 2581 669 2668 dixerat,
692 2582 800 2647 hostia
823 2583 914 2648 sacri.

105 2668 158 2733 Sic
182 2670 290 2752 opifex
313 2671 399 2734 tauri
420 2674 720 2754 tormentorumque
743 2675 897 2757 repertor,

106 2757 167 2834 Qui
191 2759 319 2823 funesta
341 2780 426 2823 novo
450 2760 663 2827 fabricaverat
686 2781 759 2824 acra
782 2760 895 2845 dolori,

104 2847 234 2911 Primus
256 2848 459 2932 inexpertum
483 2847 592 2914 Siculo
616 2854 751 2935 cogente
771 2854 913 2934 tyranno
1069 2866 1120 2915 105

106 2935 214 3001 Sensit
238 2958 319 3020 opus
343 2937 515 3019 docuitque
539 2959 634 3003 suum
656 2938 781 3024 mugire
803 2938 981 3003 iuvencum.
1110 2999 1113 3002 ⁴

104 3023 237 3089 Nullius
260 3026 449 3112 Eutropius,
473 3047 570 3109 quam
594 3026 650 3109 qui
673 3048 707 3090 se
729 3026 876 3111 protulit,
899 3030 974 3092 ante

105 3114 257 3198 Direptas
281 3115 425 3198 possedit
448 3136 526 3199 opes
548 3115 738 3198 nullumque
760 3115 901 3199 priorem

105 3202 249 3267 Perculit
272 3203 368 3268 exilio
393 3205 562 3287 solumque
584 3202 647 3269 hoc
669 3205 731 3268 rite
753 3204 888 3290 peregit,

104 3291 281 3357 Auctorem
304 3292 454 3358 damnare
478 3315 580 3357 suum.

613 3380 793 3467 Postquam
817 3381 943 3446 obsitus
966 3402 1044 3446 aevo
1070 3399 1122 3448 110

107 3467 244 3536 Semivir
267 3470 425 3536 excelsam
448 3493 555 3538 rerum
579 3471 727 3537 sublatus
749 3472 787 3536 in
808 3492 930 3556 arcem,
