2438 3832
49 123 51 126 Ι
123 160 188 226 278
453 157 600 213 CLAVDII
619 157 818 213 CLAVDIANI

122 324 167 388 Et
191 323 294 388 solem
317 321 455 386 didicere
477 321 560 408 pati,
583 321 761 386 torrentius
785 343 877 386 amne
955 379 958 383 .

122 413 269 477 Hiberno
292 416 449 495 tortaque·
466 415 565 476 ruunt
588 411 751 495 pernicius
773 410 880 475 hasta:

124 502 288 578 Quantum
309 523 377 566 non
398 501 540 565 iaculum
561 499 689 575 Parthi,
711 523 780 564 non
800 500 941 584 impetus
963 496 1097 586 Austri,

122 590 200 657 Non
221 592 291 656 leve
315 590 475 655 sollicitae
497 590 616 654 mentis
640 589 791 654 discurrit
815 611 956 654 acumen.
1093 607 1148 656 201

123 679 287 767 Sanguine
310 680 401 744 frena
425 680 543 765 calent3
567 679 744 763 corrumpit
768 679 902 762 spiritus
925 700 1020 742 auras

120 769 260 855 Letifer3
282 770 421 833 infectae
445 768 568 853 spumis
591 768 749 833 vitiantur
771 767 918 832 harenae.
973 809 976 815 ·

189 858 374 945 Diffugiunt
396 857 581 942 Nymphae:
604 858 731 941 rapitur
752 857 946 942 Proserpina
969 878 1068 921 curru

122 946 343 1032 Imploratque
367 947 451 1011 deas.

349 1034 351 1038 '
490 1034 561 1100 Iam
585 1035 748 1122 Gorgonis
773 1057 829 1099 ora
851 1035 973 1124 revelat
1093 1053 1149 1104 205

124 1125 235 1191 Pallas
258 1130 290 1190 et
312 1124 439 1190 intento
462 1127 596 1189 festinat
619 1125 713 1190 Delia
735 1124 802 1188 telo

123 1214 193 1281 Nec
215 1219 333 1299 patruo
357 1215 486 1279 cedunt:
511 1215 658 1279 stimulat
682 1214 861 1278 communis
883 1213 919 1278 in
942 1235 1031 1278 arma

122 1304 305 1390 Virginitas
330 1304 514 1388 crimenque
536 1304 598 1368 feri
620 1303 761 1388 raptoris
785 1303 923 1368 acerbat.

123 1391 184 1457 Ille
207 1394 296 1457 velut
320 1393 442 1457 stabuli
466 1393 570 1472 decus*
586 1392 786 1476 armentique
808 1392 977 1456 iuvencam

126 1481 207 1546 Cum
229 1482 281 1546 leo
304 1482 449 1565 possedit
471 1482 656 1565 nudataque
679 1481 802 1546 viscera
825 1481 909 1546 fodit
1092 1499 1148 1549 210

14 1629 18 1635 .
123 1571 298 1658 Vnguibus
322 1574 354 1634 et
377 1570 501 1635 rabiem
523 1574 613 1634 totos
637 1571 745 1658 exegit
768 1570 804 1634 in
826 1592 946 1635 armos:

124 1659 197 1726 Stat
222 1682 329 1724 crassa
351 1659 458 1744 turpis
482 1660 571 1724 sanie
593 1660 760 1743 nodosque
784 1659 934 1724 iubarum

123 1748 260 1814 Excutit
284 1753 315 1813 et
338 1749 419 1814 viles
442 1753 610 1834 pastorum
633 1749 768 1833 despicit
791 1748 866 1813 iras.

192 1836 318 1925 ‘Ignavi
341 1838 483 1903 domitor
505 1838 609 1925 vulgi,
634 1838 802 1903 deterrime
825 1839 984 1924 fratrum,

123 1928 234 1992 Pallas
257 1928 303 1991 ait
327 1928 421 2011 ‘quae
444 1931 476 1992 te
501 1927 642 1991 stimulis
665 1928 855 2011 facibusque
877 1928 1024 2011 profanis
1091 1945 1147 1996 216

126 2016 322 2081 Eumenides
346 2018 496 2081 morere?
519 2021 576 2081 tua
600 2039 657 2081 our
680 2017 753 2081 sede
776 2017 889 2081 relicta

124 2104 234 2170 Audes
258 2105 421 2170 Tartareis
446 2108 570 2170 eaelum
592 2106 750 2171 incestare
774 2105 962 2192 quadrigis?

126 2193 214 2260 Sunt'
231 2195 294 2258 tibi
317 2195 476 2260 deformes
499 2196 611 2282 Dirae,
635 2200 711 2259 sunt
735 2196 836 2259 altera
858 2195 978 2259 Lethes

124 2283 281 2370 Numina,
305 2289 381 2349 sunt
404 2285 516 2350 tristes
539 2284 671 2371 Furiae,
694 2289 726 2349 te
751 2284 887 2372 coniuge
910 2284 1035 2371 dignae.

124 2373 249 2437 Fratris
272 2373 383 2457 linque
406 2374 532 2460 domos,
555 2374 693 2438 alienam
717 2374 825 2438 desere
849 2377 982 2460 sortem3
1093 2393 1168 2444 220.

125 2461 231 2526 Nocte
253 2465 311 2525 tua
335 2466 506 2527 contentus
529 2463 591 2528 abi.
630 2463 714 2539 Quid
736 2463 810 2527 vira
833 2463 970 2547 sepultis

126 2549 317 2615 Admisoes‘?
340 2556 489 2615 nostrum
513 2552 591 2635 quid
612 2552 753 2636 proteris
777 2552 899 2617 advena
921 2552 1113 2617 mundumf'

194 2639 286 2704 Talia
309 2640 491 2704 vociferans
515 2641 627 2705 avidos
649 2641 787 2705 transire
810 2641 930 2706 minaci

127 2727 322 2814 Cornipedes
344 2730 485 2794 umbone
507 2731 583 2794 ferit
607 2730 764 2814 clipeique
787 2730 930 2794 retardat

127 2817 226 2883 Obice
251 2818 494 2906 Gorgoneisque
517 2842 666 2905 premens
690 2819 842 2883 adsibilat
865 2818 996 2903 hydris.
1091 2837 1149 2888 225

125 2907 362 2993 Praetentaque
386 2910 490 2994 operit
514 2909 626 2995 crista3
645 2909 784 2973 libratur
806 2908 842 2973 in
863 2908 966 2972 ictum

125 2997 285 3061 Fraxinus
309 3003 340 3062 et
362 2998 476 3086 nigros
497 2999 672 3063 inluminat
696 2997 791 3063 obvia
814 3019 927 3062 currus

31 3087 33 3092 ’
81 3089 84 3095 ’
126 3085 292 3171 Missaque
315 3110 416 3171 paene
438 3090 537 3174 foret,
559 3088 594 3152 ni
616 3086 763 3172 Iuppiter
785 3086 914 3151 aethere
938 3108 1065 3152 summo

126 3175 282 3241 Pacificas
305 3177 396 3240 rubri
418 3177 568 3241 torsisset
591 3177 737 3241 fulminis
761 3177 830 3240 alas

128 3264 302 3330 Confessus
326 3288 484 3332 socerum:
507 3266 628 3331 nimbis
651 3267 848 3350 hymenaeus
870 3264 989 3330 hiulcis
1095 3282 1152 3334 230

126 3353 259 3419 lutonat
282 3360 314 3419 et
337 3359 438 3420 testes
461 3357 592 3419 firmant
616 3355 754 3420 conubia
776 3355 933 3420 flammae.

193 3442 318 3508 Invitae
342 3467 464 3510 cessere
488 3446 572 3510 deae.
610 3443 816 3528 Compesouit
839 3466 949 3508 arcum

115 3530 197 3596 Cum
216 3535 350 3620 gemitu
375 3535 525 3625 talesque
549 3534 638 3602 dedit
658 3532 798 3600 Latonia
818 3555 928 3598 rocos:
