2438 3832
140 157 204 220 144
468 153 616 210 CLAVDII
634 153 834 210 CLAVDIANI

136 317 252 405 Dicite,
274 318 417 384 Bisaltae
441 318 492 383 vel
516 318 571 402 qui
594 317 744 404 Pangaea
767 316 910 382 iuvencis

139 406 302 494 scinditis,
327 408 449 472 offenso
474 410 613 490 quantae
636 407 697 470 sub
721 426 848 471 vomere
871 409 983 490 putres
1106 424 1157 474 1³5

136 497 309 561 Dissiliant
332 496 457 584 glaebis
480 494 591 581 galeae
614 495 666 559 vel
689 495 797 579 qualia
822 496 936 559 rastris

138 585 220 651 Ossa
243 589 483 670 peremptorum
505 588 657 660 resonent
680 584 822 649 inmania
845 605 966 670 regum.

205 674 341 761 Singula
365 673 535 758 complecti
559 694 721 759 cuperem,
746 672 801 738 sed
825 673 954 738 densior
975 673 1078 739 instat

138 763 312 829 Gestorum
335 763 433 827 series
456 761 651 845 laudumque
674 763 884 845 sequentibus
907 761 1003 827 undis

139 851 321 917 Obruimur.
360 851 494 916 Genitor
518 851 602 914 caesi
624 855 700 934 post
723 850 809 916 bella
832 851 963 935 tyranni
1105 869 1157 920 140

137 938 208 1006 Iam
231 942 292 1005 tibi
317 941 496 1005 commissis
520 939 748 1004 conscenderat
771 940 901 1004 aethera
923 939 1028 1006 terris.

138 1029 306 1115 Ancipites
330 1051 437 1093 rerum
460 1028 585 1092 ruituro
610 1028 748 1092 cul-mine
771 1029 882 1113 lapsus

137 1118 276 1203 Aequali
300 1118 420 1183 cervice
444 1118 548 1182 subis:
573 1116 619 1180 sic
641 1115 781 1181 Hercule
805 1117 968 1202 quondam

138 1207 347 1273 Sustentante
369 1208 481 1292 polum
504 1206 619 1270 melius
642 1206 761 1270 librata
783 1207 936 1291 pependit

137 1296 287 1361 Machina
310 1318 369 1360 nec
392 1295 498 1359 dubiis
522 1294 677 1359 titubavit
701 1293 842 1381 Signifer
864 1296 961 1360 astris
1106 1312 1156 1362 145

138 1385 361 1469 Perpetuoque
386 1405 482 1447 senex
506 1383 683 1447 subductus
706 1384 792 1448 mole
814 1406 986 1470 parumper

138 1473 316 1557 Obstupuit
339 1472 462 1556 proprii
486 1475 648 1555 spectator
669 1472 820 1555 ponderis
843 1471 948 1538 Atlas.

204 1562 297 1627 Nulli
320 1561 488 1624 barbariae
510 1565 632 1646 motus3
654 1561 703 1624 nil
725 1561 856 1625 turbida
878 1565 975 1646 rupto

139 1650 257 1715 Ordine
280 1650 451 1733 temptavit
473 1650 611 1735 novitas,
634 1653 791 1733 tantoque
814 1654 938 1714 remoto

136 1740 286 1823 Principe
309 1743 450 1803 mutatas
475 1739 564 1802 orbis
586 1761 654 1802 non
676 1739 777 1803 sensit
799 1739 951 1804 habenae.
1103 1757 1155 1809 150

137 1828 195 1894 Nil
217 1829 303 1893 inter
326 1828 470 1914 geminas
494 1828 587 1913 acies,
611 1848 668 1891 ceu
691 1827 793 1891 libera
816 1828 925 1914 frenis,

137 1917 227 1981 Ausa
251 1939 373 1981 manus.
412 1915 505 1980 Certe
528 1938 587 1980 nec
610 1916 711 1980 tantis
734 1917 865 1982 dissona
887 1918 1009 2004 linguis

137 2007 246 2070 Turba
268 2028 328 2070 nec
351 2027 514 2070 armorum
537 2006 626 2069 cultu
650 2005 805 2070 diversior
818 2028 981 2091 ‘umquam

139 2095 303 2160 Oonfluxit
325 2094 478 2179 populus:
502 2099 605 2159 totam
627 2098 720 2178 pater
741 2095 882 2179 undique
906 2116 1015 2161 secum

136 2183 284 2249 Moverat
307 2182 480 2268 Auroram,
503 2183 614 2247 mixtis
637 2183 690 2248 hic
714 2182 854 2248 Colchus
877 2184 1018 2271 Hiberia,
1103 2202 1154 2253 lto

136 2272 200 2338 Hic
223 2274 319 2337 mitra
341 2273 468 2336 velatus
491 2270 606 2357 Arabs,
629 2272 682 2336 hic
705 2272 791 2337 crine
815 2272 948 2338 decorus

136 2361 323 2447 Armenius,
346 2360 399 2424 hic
421 2360 508 2443 picta
533 2359 628 2425 Saces
651 2361 823 2446 fucataque
846 2361 969 2449 Medus,

136 2450 200 2514 Hic
223 2451 384 2536 gemmata
406 2448 499 2534 niger
521 2450 661 2514 tentoria
683 2451 797 2515 fixerat
820 2448 933 2538 Indus3

136 2538 201 2602 Hic
224 2537 374 2602 Rhodani
395 2559 529 2621 procera
553 2539 677 2626 cohors,
700 2539 753 2604 hic
775 2541 868 2604 miles
891 2541 1042 2605 alumnus

138 2626 264 2691 Oceani.
301 2626 427 2690 Ductor
450 2625 586 2691 Stilicho
610 2631 661 2692 tot
684 2629 836 2714 gentibus
859 2651 952 2715 rmus,
1101 2644 1153 2698 160

138 2716 224 2793 Quot
246 2716 298 2779 vel
321 2715 530 2802 progrediens
553 2717 605 2780 vel
629 2717 786 2800 conspicit
810 2718 961 2782 occiduus
985 2719 1043 2783 sol.

136 2804 176 2870 In
199 2827 262 2889 quo
286 2809 354 2868 tam
375 2805 465 2869 vario
488 2826 604 2869 vocum
627 2827 843 2892 generumque
866 2806 1010 2872 tumultu

136 2895 241 2958 Tanta
264 2893 354 2976 quies
377 2894 521 2977 iurisque
544 2897 649 2957 metus
673 2898 817 2958 servator
839 2895 968 2960 honesti

136 2983 181 3047 Te
204 2982 389 3046 moderante
412 2981 484 3066 fuit,
507 2981 607 3046 nullis
630 2985 667 3045 ut
690 2981 783 3047 vinea
805 2984 902 3048 furtis

135 3071 198 3135 Vel
222 3092 313 3157 seges
337 3075 446 3154 erepta
468 3070 632 3134 fraudaret
654 3092 757 3136 messe
781 3072 940 3159 colonum,
1101 3092 1151 3141 165

135 3160 181 3224 Vt
203 3159 287 3223 nihil
310 3163 366 3223 aut
390 3181 520 3222 saevum
543 3160 649 3224 rabies
672 3165 729 3224 aut
752 3165 846 3245 turpe
869 3162 970 3226 libido

136 3247 300 3332 Suaderet,
322 3248 440 3331 placidi
464 3248 620 3312 servirent
642 3248 770 3334 legibus
794 3272 894 3315 enses.

137 3335 267 3402 Scilicet
290 3336 325 3399 in
347 3336 465 3422 vulgus
488 3341 621 3401 manant
644 3338 789 3421 exempla
812 3344 989 3426 regentum,

135 3423 244 3510 thue
269 3424 385 3488 ducum
408 3425 516 3510 lituos,
540 3427 586 3490 sic
608 3448 714 3490 mores
736 3432 843 3492 castra
866 3433 1053 3513 sequuntur.

199 3513 348 3597 Denique
372 3513 481 3579 felices
505 3515 630 3599 aquilas
654 3537 856 3601 quocumque
878 3539 1033 3606 moveres,
1099 3534 1150 3585 lvo
