2438 3832
124 150 168 219 (I.)
188 148 373 205 PANEGYR.
392 149 520 206 Diorvs
539 149 701 206 PROBINO
720 149 767 204 ET
787 149 948 206 OLYBRIO
968 149 1062 206 COSS.
1095 149 1116 215 5

101 312 341 377 Sarmaticosve
363 312 433 396 pati
454 311 561 377 medio
585 312 644 377 sub
668 312 791 399 frigore
815 312 950 398 Cauros,

101 399 138 465 Si
162 405 210 485 tu,
232 400 345 485 Roma,
367 401 462 485 velis3
484 423 543 485 pro
566 405 599 465 te
623 423 841 485 quascumque
863 423 920 485 per
943 423 1016 465 oras

100 488 228 552 Ibimus
251 492 284 553 et
305 489 396 553 nulla
418 489 479 553 sub
501 493 693 574 tempestate
715 489 867 554 timentes

102 577 256 643 Solstitio
279 576 420 663 Meroen,
442 578 557 642 bruma
578 578 810 662 temptabimus
833 577 1008 642 Histrum'.
1067 592 1117 644 105

171 665 254 730 Tum
275 665 389 751 regina
411 666 522 731 refert:
547 665 639 731 ‘Non
661 688 712 730 me
734 666 824 751 latet,
846 667 958 730 inclite
981 670 1096 752 rector,

104 753 200 831 Quod
221 759 278 818 tua
300 775 360 839 pro
382 753 477 818 Latio
500 755 648 819 victricia
671 758 776 819 eastra
799 755 949 818 laborant

102 842 173 908 Neo
198 842 284 926 quod
306 843 475 907 servitium
497 864 609 907 rursus
631 842 812 926 Furiaeque
833 843 970 907 rebelles

103 931 276 996 Edomitae
299 931 432 1015 paribus
456 931 516 996 sub
539 936 572 995 te
596 931 736 995 cecidere
759 931 943 1015 triumphis.

104 1019 168 1084 Sed
190 1041 313 1104 precor,
335 1019 397 1084 hoo
420 1020 540 1085 donum
563 1041 636 1084 oum
658 1020 809 1084 libertate
831 1020 953 1084 recenti
1067 1036 1118 1085 140

103 1106 249 1192 Adicias,
271 1108 301 1171 si
323 1129 398 1172 vera
419 1113 529 1173 manet
552 1107 730 1172 reverentia
751 1108 866 1172 nostri.

105 1197 190 1262 Sunt
212 1196 294 1260 mihi
317 1197 474 1280 pubentes
498 1196 565 1261 alto
589 1196 628 1261 de
651 1195 772 1261 semine
795 1196 921 1281 fratres,

103 1285 249 1371 Pignora
272 1306 346 1349 oara
367 1284 476 1370 Probi,
499 1285 583 1350 festa
606 1307 688 1368 quos
710 1284 782 1349 luoe
806 1289 930 1349 creatos

103 1373 182 1458 Ipsa
204 1395 275 1437 meo
298 1373 366 1437 fovi
388 1373 521 1459 gremio.
568 1372 736 1437 Cunabula
758 1373 868 1456 parvis

104 1461 182 1546 Ipsa
205 1461 287 1546 dedi,
310 1483 383 1525 oum
405 1462 519 1525 matris
542 1482 624 1526 onus
646 1460 770 1525 Lucina
792 1461 925 1526 beatum
1070 1478 1119 1527 145

105 1550 253 1615 Solveret
276 1554 308 1613 et
330 1571 466 1635 magnos
489 1550 670 1634 proferrent
694 1549 798 1613 sidera
821 1554 942 1632 partus.

104 1638 169 1703 His
192 1659 253 1723 ego
275 1659 335 1702 neo
357 1637 475 1703 Decios
498 1637 652 1722 pulchros
674 1637 815 1702 fortesve
838 1636 988 1701 Metellos

105 1726 330 1810 Praetulerim,
352 1748 427 1811 non,
451 1727 507 1809 qui
529 1725 675 1790 Poenum
698 1725 848 1790 domuere
870 1726 1018 1811 ferocem,

106 1814 275 1899 Scipiadas
299 1812 466 1897 Gallisque
489 1835 591 1901 genus
613 1813 713 1878 fatale
737 1813 900 1879 Camillos.

104 1903 225 1968 Pieriis
248 1902 372 1986 pollent
396 1902 513 1966 studiis
535 1902 704 1985 multoque
727 1902 906 1967 redundant
1070 1919 1121 1968 150

106 1991 264 2075 Eloqu103
285 2011 345 2054 neo
367 1990 500 2055 desidiis
524 1991 701 2075 dapibusve
723 1991 846 2074 paratis

105 2079 279 2164 Indulgere
302 2079 392 2143 iuvat
414 2101 474 2144 neo
495 2083 588 2143 tanta
610 2079 742 2143 lieentia
764 2079 850 2142 vitae
895 2094 898 2100 ’

104 2167 240 2251 Adripit
263 2170 319 2230 aut
341 2189 448 2231 mores
471 2172 560 2231 aetas
582 2167 704 2231 lasciva
726 2166 863 2230 relaxat:

107 2255 172 2321 Sed
194 2255 348 2341 gravibus
371 2255 458 2318 euris
481 2256 625 2319 animum
648 2254 765 2319 sortita
788 2253 921 2318 senilem

105 2343 208 2431 Ignea
229 2343 386 2429 longaevo
410 2344 556 2407 frenatur
579 2343 673 2408 eorde
696 2342 855 2407 iuventus.
1071 2358 1121 2407 155

105 2431 188 2516 Illis,
213 2452 309 2514 quam
331 2432 496 2516 propriam
519 2431 640 2496 ducunt
663 2432 703 2495 ab
728 2431 863 2518 origine,
886 2436 1006 2497 sortem

107 2519 246 2585 Oramus
269 2519 421 2603 praebere
443 2520 525 2584 velis
548 2520 689 2603 annique
712 2519 858 2584 futurum

106 2609 274 2673 Devoveas
296 2608 457 2672 venientis
480 2608 551 2673 iter.
595 2606 673 2672 Non
695 2607 844 2692 improba
866 2630 975 2693 poseo,

105 2697 185 2764 Non
207 2696 334 2760 insueta
357 2697 463 2761 dabis:
486 2696 601 2761 domus
624 2696 702 2760 haee
725 2695 763 2760 de
785 2718 875 2760 more
898 2696 1043 2780 requirit.

105 2785 236 2850 Adnue:
260 2783 307 2848 sio
328 2784 425 2849 nobis
449 2783 621 2869 Scythicus
644 2784 819 2849 famuletur
840 2784 974 2870 Araxes,
1071 2801 1122 2851 100

107 2873 163 2939 Sio
185 2873 318 2937 Rhenus
341 2896 399 2958 per
419 2877 593 2957 utrumque
615 2872 711 2957 latus,
733 2872 900 2956 Medisque
924 2873 1069 2938 subactis

107 2961 233 3027 Nostra
256 2960 465 3026 Semiramiae
487 2962 624 3027 timeant
647 2961 790 3047 insignia
812 2965 932 3047 turres3

107 3049 163 3115 Sio
186 3051 265 3113 fluat
288 3049 448 3116 attonitus
471 3050 618 3115 Romana
639 3071 697 3134 per
720 3049 838 3133 oppida
862 3048 1015 3136 Ganges'.

174 3138 300 3203 Ductor
322 3138 362 3202 ad
385 3139 476 3203 haee:
501 3138 639 3222 ‘Optata
661 3137 754 3201 iubes
777 3139 928 3221 ultroque
951 3139 1123 3224 volentem,

106 3227 202 3311 Diva,
224 3248 336 3312 rogas3
358 3249 426 3293 non
447 3226 526 3292 haee
548 3227 699 3311 precibus
722 3227 909 3310 temptanda
931 3225 1032 3290 fuisse
1055 3229 1078 3290 t.

106 3315 220 3398 Vsque
243 3315 363 3379 adeone
385 3338 490 3380 meam
513 3314 655 3379 condunt
679 3313 801 3378 oblivia
823 3318 972 3398 mentem,
1072 3329 1122 3380 100

106 3403 154 3468 vt
177 3403 288 3490 pigeat
310 3403 496 3468 meminisse
518 3402 628 3488 Probi,
652 3424 716 3486 quo
740 3401 845 3465 iudiee
868 3405 971 3465 totam

105 3491 259 3556 Vidimus
282 3490 474 3577 Hesperiam
496 3492 662 3574 fessasque
684 3511 852 3577 resurgere
875 3490 1010 3577 gentes?
