2438 3832
177 166 378 225 CARMINVM
396 166 573 222 MlNORVM
592 121 869 238 coRPVscvnvm
888 186 911 226 c.
928 170 1024 226 XXVI.
1062 171 1128 236 233

112 331 215 397 Nullo
239 353 311 395 oum
335 330 473 414 strepitu
495 330 631 394 madidis
653 331 773 395 infecta
795 331 916 396 favillis

159 419 338 504 Despumat
360 419 490 483 niveum
513 419 623 483 fistula
647 441 726 483 cana
749 420 857 500 salem.

113 508 292 573 Multifidas
316 507 473 594 dispergit
497 529 573 592 opes
597 512 762 592 artemque
786 497 929 595 secutus,

159 597 228 674 Qua
250 597 372 661 iussere
394 619 523 682 manus,
545 597 665 662 mobile
688 601 820 681 torquet
842 598 904 662 iter

113 686 158 750 Et
180 687 309 750 iunctos
331 685 443 770 rapido
466 689 583 770 pontes
607 686 804 751 subtermeat
827 691 918 751 aestu

159 773 370 858 Adflatasque
393 796 476 860 vago
500 779 658 859 temperat
681 776 756 862 igne
778 775 897 840 tholos

112 861 228 928 Acrior
250 864 400 949 interme,
422 863 512 927 rauci
536 885 609 928 cum
631 886 794 928 murmure
819 865 901 949 saxi,

160 951 318 1037 Spumeus
342 953 422 1016 eliso
445 952 579 1036 pellitur
602 974 694 1017 amne
716 975 825 1038 vapor.
849 992 893 998 —

113 1040 199 1106 Hinc
221 1041 331 1127 pigras
354 1045 505 1124 repetunt
528 1041 607 1105 fessi
631 1042 746 1106 sudore
769 1042 914 1126 lacunas,

156 1129 293 1217 Frigora
317 1129 389 1212 quis
413 1130 529 1215 longae
552 1130 671 1194 blanda
694 1129 806 1194 dedere
829 1151 946 1194 morae.

115 1261 208 1327 Salve
231 1262 390 1326 Paeoniae
413 1263 551 1348 largitor
573 1262 693 1326 nobilis
716 1262 836 1348 undae,
877 1312 880 1322 .

157 1350 313 1414 Dardanii
337 1351 424 1426 salve
448 1351 553 1437 gloria
575 1373 692 1437 magna
716 1351 791 1436 soli,

113 1440 247 1503 Publica
270 1440 458 1504 morborum
481 1440 621 1525 requies,
645 1461 813 1503 commune
835 1439 1020 1503 medentum

157 1527 338 1615 Auxilium,
360 1551 511 1612 praesens
534 1551 667 1614 numen,
689 1529 833 1612 inempta
856 1530 952 1592 salus.

114 1616 178 1680 Seu
200 1617 305 1700 ruptis
328 1618 454 1682 inferna
477 1621 576 1682 ruunt
598 1617 746 1697 incendia
768 1618 848 1701 ripis

157 1704 201 1768 nt
223 1709 338 1769 nostro
361 1706 566 1792 Phlegethon
589 1706 699 1771 devius
723 1706 800 1770 orbe
824 1705 919 1790 calet,

114 1791 285 1876 Sulphuris
308 1795 344 1859 in
365 1816 463 1858 venas
487 1795 612 1880 gelidus
637 1817 694 1858 seu
716 1794 833 1858 decidit
857 1794 960 1856 amnis

157 1881 385 1964 Accensusque
408 1883 481 1946 fluit
505 1880 607 1969 (quod
628 1881 816 1946 manifestat
839 1880 946 1968 odor),

114 1968 187 2034 Sive
210 1993 303 2054 pares
326 1972 473 2034 flammas
496 1971 655 2035 undarum
677 1971 768 2035 lance
791 1970 968 2055 rependens

156 2057 290 2123 Arbiter
312 2060 347 2122 in
369 2058 482 2122 foedus
505 2081 599 2123 mons
623 2058 780 2123 elementa
802 2063 911 2144 vocat,

112 2146 162 2212 Ne
187 2147 300 2210 cedant
324 2152 475 2230 superata
498 2148 574 2232 sibi,
598 2147 653 2210 sed
675 2147 803 2232 legibus
826 2148 937 2230 aequis

157 2234 302 2298 Alterius
325 2235 410 2300 vires
433 2235 538 2318 possit
561 2239 734 2317 utrumque
757 2235 838 2318 pati:

113 2322 277 2405 Quidquid
299 2323 360 2386 erit
384 2345 512 2409 causae,
535 2346 736 2406 quocumque
760 2324 917 2387 emitteris
942 2329 1031 2411 ortu,

157 2410 234 2478 Non
257 2411 325 2475 sine
350 2412 485 2475 consilio
509 2433 634 2476 currere
658 2416 744 2476 certa
767 2413 855 2477 fides.

113 2500 192 2577 Quis
217 2522 326 2564 casum
348 2501 472 2564 meritis
496 2501 676 2565 adscribere
698 2501 820 2565 talibus
843 2502 961 2566 audet?

158 2589 236 2666 Quis
259 2594 357 2676 negat
381 2594 529 2654 auctores
551 2590 631 2654 haec
654 2590 806 2654 statuisse
830 2591 928 2656 deos?

111 2676 171 2742 llle
193 2682 286 2762 pater
308 2701 430 2765 rerum,
454 2679 509 2762 qui
534 2679 661 2744 saecula
685 2679 798 2744 dividit
821 2680 932 2765 astn'S,

157 2765 247 2849 Inter
268 2767 373 2850 prima
395 2768 464 2851 poli
487 2772 519 2831 te
543 2789 671 2851 quoque
695 2790 785 2832 sacra
808 2768 895 2832 dedit

112 2853 157 2916 Et
180 2855 329 2941 fragilem
350 2857 456 2919 nostri
479 2856 650 2920 miseratus
674 2857 818 2939 corporis
841 2879 936 2919 usum

157 2941 279 3006 Telluri
301 2944 441 3008 medicas
464 2944 597 3008 sundere
619 2944 715 3007 iussit
738 2966 852 3030 aquas,

112 3030 349 3115 Parcarumque
373 3033 462 3096 colos
486 3036 657 3097 exoratura
681 3053 807 3096 severas

156 3119 306 3184 Flumina
328 3121 446 3185 laxatis
470 3121 626 3186 emicuere
649 3120 744 3207 iugis.

110 3252 248 3338 Felices,
270 3255 438 3337 proprium
462 3255 517 3338 qui
540 3258 572 3318 te
595 3275 752 3340 meruere,
775 3255 896 3340 coloni,

156 3341 219 3405 Fas
243 3341 361 3424 quibus
385 3347 434 3407 est
456 3343 598 3427 Aponon
620 3342 700 3407 iuris
723 3343 841 3408 habere
865 3344 924 3409 sui.

111 3430 189 3496 Non
210 3431 277 3495 illis
300 3435 427 3495 terrena
450 3432 520 3497 lues
544 3435 695 3515 corrupta
716 3454 775 3496 nec
798 3431 912 3496 Austri

155 3519 303 3584 Flamina
325 3542 384 3584 nec
408 3542 503 3585 saevo
527 3519 630 3586 Sirius
653 3520 728 3607 igne
750 3524 859 3607 nocet,
