<?xml version="1.0" encoding="UTF-8"?>
<!DOCTYPE html PUBLIC "-//W3C//DTD XHTML 1.0 Transitional//EN"
    "http://www.w3.org/TR/xhtml1/DTD/xhtml1-transitional.dtd">
<html xmlns="http://www.w3.org/1999/xhtml" xml:lang="en" lang="en">
 <head>
  <title>
</title>
<meta http-equiv="Content-Type" content="text/html;charset=utf-8" />
  <meta name='ocr-system' content='tesseract 3.04.00' />
  <meta name='ocr-capabilities' content='ocr_page ocr_carea ocr_par ocr_line ocrx_word'/>
</head>
<body>
  <div class='ocr_page' id='page_1' title='image "./claudiiclaudian05claugoog_0305.png"; bbox 0 0 2438 3832; ppageno 0'>
   <div class='ocr_carea' id='block_1_1' title="bbox 118 163 814 230">
    <p class='ocr_par' dir='ltr' id='par_1_1' title="bbox 118 163 814 230">
     <span class='ocr_line' id='line_1_1' title="bbox 118 163 814 230; baseline -0.014 -2"><span class='ocrx_word' id='word_1_1' title='bbox 118 163 184 230; x_wconf 83' lang='grc'>236</span> <span class='ocrx_word' id='word_1_2' title='bbox 448 164 596 220; x_wconf 79' lang='lat' dir='ltr'>otavnu</span> <span class='ocrx_word' id='word_1_3' title='bbox 616 163 814 220; x_wconf 83' lang='lat' dir='ltr'>CLAVDlANI</span> 
     </span>
    </p>
   </div>
   <div class='ocr_carea' id='block_1_2' title="bbox 60 324 1139 3596">
    <p class='ocr_par' dir='ltr' id='par_1_2' title="bbox 116 324 995 501">
     <span class='ocr_line' id='line_1_2' title="bbox 117 324 987 413; baseline -0.001 -22"><span class='ocrx_word' id='word_1_4' title='bbox 117 324 292 392; x_wconf 84' lang='lat' dir='ltr'>Aeternam</span> <span class='ocrx_word' id='word_1_5' title='bbox 314 349 355 392; x_wconf 89' lang='lat' dir='ltr'>ne</span> <span class='ocrx_word' id='word_1_6' title='bbox 377 327 490 412; x_wconf 90' lang='lat' dir='ltr'>perdat</span> <span class='ocrx_word' id='word_1_7' title='bbox 514 349 605 392; x_wconf 85' lang='lat' dir='ltr'>avem</span> <span class='ocrx_word' id='word_1_8' title='bbox 612 380 621 413; x_wconf 82' lang='lat'><em>,</em></span> <span class='ocrx_word' id='word_1_9' title='bbox 643 329 852 410; x_wconf 89' lang='lat' dir='ltr'>flammasque</span> <span class='ocrx_word' id='word_1_10' title='bbox 875 327 987 391; x_wconf 87' lang='lat' dir='ltr'>fideles</span> 
     </span>
     <span class='ocr_line' id='line_1_3' title="bbox 116 413 995 501; baseline 0.001 -22"><span class='ocrx_word' id='word_1_11' title='bbox 116 413 292 501; x_wconf 83' lang='lat' dir='ltr'>Admonet,</span> <span class='ocrx_word' id='word_1_12' title='bbox 314 420 352 481; x_wconf 90' lang='lat' dir='ltr'>ut</span> <span class='ocrx_word' id='word_1_13' title='bbox 375 439 482 480; x_wconf 94' lang='lat' dir='ltr'>rerum</span> <span class='ocrx_word' id='word_1_14' title='bbox 505 417 601 480; x_wconf 87' lang='lat' dir='ltr'>decus</span> <span class='ocrx_word' id='word_1_15' title='bbox 624 416 797 480; x_wconf 82' lang='lat' dir='ltr'>inmortale</span> <span class='ocrx_word' id='word_1_16' title='bbox 819 416 995 480; x_wconf 76' lang='lat' dir='ltr'>remittant.</span> 
     </span>
    </p>

    <p class='ocr_par' dir='ltr' id='par_1_3' title="bbox 114 503 1139 855">
     <span class='ocr_line' id='line_1_4' title="bbox 185 503 1139 591; baseline 0.001 -22"><span class='ocrx_word' id='word_1_17' title='bbox 185 503 347 569; x_wconf 80' lang='lat' dir='ltr'>Continuo</span> <span class='ocrx_word' id='word_1_18' title='bbox 372 504 515 588; x_wconf 89' lang='lat' dir='ltr'>dispersa</span> <span class='ocrx_word' id='word_1_19' title='bbox 537 505 631 591; x_wconf 85' lang='lat' dir='ltr'>vigor</span> <span class='ocrx_word' id='word_1_20' title='bbox 652 527 710 589; x_wconf 94' lang='lat' dir='ltr'>per</span> <span class='ocrx_word' id='word_1_21' title='bbox 732 504 876 569; x_wconf 90' lang='lat' dir='ltr'>membra</span> <span class='ocrx_word' id='word_1_22' title='bbox 898 504 1031 569; x_wconf 86' lang='lat' dir='ltr'>volutus</span> <span class='ocrx_word' id='word_1_23' title='bbox 1100 521 1139 570; x_wconf 72' lang='lat' dir='ltr'>oo</span> 
     </span>
     <span class='ocr_line' id='line_1_5' title="bbox 115 590 936 680; baseline -0.001 -23"><span class='ocrx_word' id='word_1_24' title='bbox 115 590 254 658; x_wconf 78' lang='lat' dir='ltr'>Aestuat</span> <span class='ocrx_word' id='word_1_25' title='bbox 278 597 311 657; x_wconf 88' lang='lat' dir='ltr'>et</span> <span class='ocrx_word' id='word_1_26' title='bbox 333 615 432 658; x_wconf 84' lang='lat' dir='ltr'>venas</span> <span class='ocrx_word' id='word_1_27' title='bbox 455 593 613 658; x_wconf 82' lang='lat' dir='ltr'>recidivus</span> <span class='ocrx_word' id='word_1_28' title='bbox 637 594 769 680; x_wconf 83' lang='lat' dir='ltr'>sanguis</span> <span class='ocrx_word' id='word_1_29' title='bbox 792 593 936 657; x_wconf 85' lang='lat' dir='ltr'>inundat.</span> 
     </span>
     <span class='ocr_line' id='line_1_6' title="bbox 114 679 806 768; baseline 0 -22"><span class='ocrx_word' id='word_1_30' title='bbox 114 679 243 747; x_wconf 88' lang='lat' dir='ltr'>Victuri</span> <span class='ocrx_word' id='word_1_31' title='bbox 267 682 388 746; x_wconf 89' lang='lat' dir='ltr'>cineres</span> <span class='ocrx_word' id='word_1_32' title='bbox 411 682 502 746; x_wconf 92' lang='lat' dir='ltr'>nullo</span> <span class='ocrx_word' id='word_1_33' title='bbox 526 686 662 768; x_wconf 84' lang='lat' dir='ltr'>cogente</span> <span class='ocrx_word' id='word_1_34' title='bbox 684 682 806 746; x_wconf 86' lang='lat' dir='ltr'>moveri</span> 
     </span>
     <span class='ocr_line' id='line_1_7' title="bbox 115 768 926 855; baseline 0 -21"><span class='ocrx_word' id='word_1_35' title='bbox 115 768 279 855; x_wconf 79' lang='lat' dir='ltr'>Incipiunt</span> <span class='ocrx_word' id='word_1_36' title='bbox 302 771 476 854; x_wconf 82' lang='lat' dir='ltr'>plumaque</span> <span class='ocrx_word' id='word_1_37' title='bbox 499 771 611 835; x_wconf 91' lang='lat' dir='ltr'>rudem</span> <span class='ocrx_word' id='word_1_38' title='bbox 632 771 751 835; x_wconf 84' lang='lat' dir='ltr'>vestire</span> <span class='ocrx_word' id='word_1_39' title='bbox 773 770 926 834; x_wconf 81' lang='lat' dir='ltr'>favillam.</span> 
     </span>
    </p>

    <p class='ocr_par' dir='ltr' id='par_1_4' title="bbox 113 858 958 1122">
     <span class='ocr_line' id='line_1_8' title="bbox 116 858 958 945; baseline 0 -23"><span class='ocrx_word' id='word_1_40' title='bbox 116 858 177 935; x_wconf 86' lang='lat' dir='ltr'>Qui</span> <span class='ocrx_word' id='word_1_41' title='bbox 200 859 307 923; x_wconf 79' lang='lat' dir='ltr'>tuerat</span> <span class='ocrx_word' id='word_1_42' title='bbox 330 859 471 945; x_wconf 79' lang='lat' dir='ltr'>genitor,</span> <span class='ocrx_word' id='word_1_43' title='bbox 493 863 591 923; x_wconf 92' lang='lat' dir='ltr'>natus</span> <span class='ocrx_word' id='word_1_44' title='bbox 612 881 698 923; x_wconf 90' lang='lat' dir='ltr'>nunc</span> <span class='ocrx_word' id='word_1_45' title='bbox 721 859 851 943; x_wconf 86' lang='lat' dir='ltr'>prosilit</span> <span class='ocrx_word' id='word_1_46' title='bbox 873 858 958 922; x_wconf 90' lang='lat' dir='ltr'>idem</span> 
     </span>
     <span class='ocr_line' id='line_1_9' title="bbox 115 946 908 1034; baseline 0 -23"><span class='ocrx_word' id='word_1_47' title='bbox 115 946 327 1030; x_wconf 84' lang='lat' dir='ltr'>Succeditque</span> <span class='ocrx_word' id='word_1_48' title='bbox 349 969 466 1012; x_wconf 85' lang='lat' dir='ltr'>novus:</span> <span class='ocrx_word' id='word_1_49' title='bbox 490 949 636 1034; x_wconf 83' lang='lat' dir='ltr'>geminae</span> <span class='ocrx_word' id='word_1_50' title='bbox 660 948 799 1012; x_wconf 86' lang='lat' dir='ltr'>confinia</span> <span class='ocrx_word' id='word_1_51' title='bbox 822 947 908 1012; x_wconf 83' lang='lat' dir='ltr'>vitae</span> 
     </span>
     <span class='ocr_line' id='line_1_10' title="bbox 113 1036 866 1122; baseline 0 -22"><span class='ocrx_word' id='word_1_52' title='bbox 113 1037 243 1122; x_wconf 81' lang='lat' dir='ltr'>Exiguo</span> <span class='ocrx_word' id='word_1_53' title='bbox 266 1036 391 1100; x_wconf 86' lang='lat' dir='ltr'>medius</span> <span class='ocrx_word' id='word_1_54' title='bbox 415 1036 598 1100; x_wconf 90' lang='lat' dir='ltr'>discrimine</span> <span class='ocrx_word' id='word_1_55' title='bbox 621 1040 749 1119; x_wconf 88' lang='lat' dir='ltr'>separat</span> <span class='ocrx_word' id='word_1_56' title='bbox 771 1037 866 1122; x_wconf 84' lang='lat' dir='ltr'>ignis.</span> 
     </span>
    </p>

    <p class='ocr_par' dir='ltr' id='par_1_5' title="bbox 111 1124 995 1727">
     <span class='ocr_line' id='line_1_11' title="bbox 180 1124 991 1209; baseline 0 -21"><span class='ocrx_word' id='word_1_57' title='bbox 180 1124 334 1189; x_wconf 85' lang='lat' dir='ltr'>Protinus</span> <span class='ocrx_word' id='word_1_58' title='bbox 358 1124 399 1188; x_wconf 86' lang='lat' dir='ltr'>ad</span> <span class='ocrx_word' id='word_1_59' title='bbox 420 1124 535 1190; x_wconf 89' lang='lat' dir='ltr'>Nilum</span> <span class='ocrx_word' id='word_1_60' title='bbox 557 1146 668 1188; x_wconf 90' lang='lat' dir='ltr'>manes</span> <span class='ocrx_word' id='word_1_61' title='bbox 692 1147 816 1189; x_wconf 89' lang='lat' dir='ltr'>sacrare</span> <span class='ocrx_word' id='word_1_62' title='bbox 838 1128 991 1209; x_wconf 90' lang='lat' dir='ltr'>paternos</span> 
     </span>
     <span class='ocr_line' id='line_1_12' title="bbox 112 1211 977 1300; baseline -0.001 -23"><span class='ocrx_word' id='word_1_63' title='bbox 112 1211 352 1296; x_wconf 81' lang='lat' dir='ltr'>Auctoremque</span> <span class='ocrx_word' id='word_1_64' title='bbox 374 1213 510 1300; x_wconf 83' lang='lat' dir='ltr'>globum</span> <span class='ocrx_word' id='word_1_65' title='bbox 533 1213 668 1278; x_wconf 80' lang='lat' dir='ltr'>Phariae</span> <span class='ocrx_word' id='word_1_66' title='bbox 691 1213 817 1277; x_wconf 88' lang='lat' dir='ltr'>telluris</span> <span class='ocrx_word' id='word_1_67' title='bbox 841 1213 881 1277; x_wconf 90' lang='lat' dir='ltr'>ad</span> <span class='ocrx_word' id='word_1_68' title='bbox 904 1235 977 1276; x_wconf 89' lang='lat' dir='ltr'>oras</span> 
     </span>
     <span class='ocr_line' id='line_1_13' title="bbox 112 1301 956 1387; baseline 0 -23"><span class='ocrx_word' id='word_1_69' title='bbox 112 1301 209 1365; x_wconf 83' lang='lat' dir='ltr'>Ferre</span> <span class='ocrx_word' id='word_1_70' title='bbox 231 1301 330 1366; x_wconf 84' lang='lat' dir='ltr'>iuvat.</span> <span class='ocrx_word' id='word_1_71' title='bbox 365 1302 471 1365; x_wconf 88' lang='lat' dir='ltr'>Velox</span> <span class='ocrx_word' id='word_1_72' title='bbox 495 1302 636 1366; x_wconf 90' lang='lat' dir='ltr'>alienum</span> <span class='ocrx_word' id='word_1_73' title='bbox 657 1301 765 1387; x_wconf 85' lang='lat' dir='ltr'>pergit</span> <span class='ocrx_word' id='word_1_74' title='bbox 787 1302 822 1364; x_wconf 92' lang='lat' dir='ltr'>in</span> <span class='ocrx_word' id='word_1_75' title='bbox 845 1302 956 1365; x_wconf 91' lang='lat' dir='ltr'>orbern</span> 
     </span>
     <span class='ocr_line' id='line_1_14' title="bbox 112 1389 918 1476; baseline 0.002 -24"><span class='ocrx_word' id='word_1_76' title='bbox 112 1389 251 1454; x_wconf 88' lang='lat' dir='ltr'>Portans</span> <span class='ocrx_word' id='word_1_77' title='bbox 274 1390 439 1476; x_wconf 84' lang='lat' dir='ltr'>gramineo</span> <span class='ocrx_word' id='word_1_78' title='bbox 464 1390 609 1453; x_wconf 90' lang='lat' dir='ltr'>clausum</span> <span class='ocrx_word' id='word_1_79' title='bbox 631 1389 789 1454; x_wconf 86' lang='lat' dir='ltr'>velamine</span> <span class='ocrx_word' id='word_1_80' title='bbox 812 1390 918 1454; x_wconf 81' lang='lat' dir='ltr'>tonus.</span> 
     </span>
     <span class='ocr_line' id='line_1_15' title="bbox 113 1475 995 1561; baseline 0 -20"><span class='ocrx_word' id='word_1_81' title='bbox 113 1475 304 1542; x_wconf 73' lang='lat' dir='ltr'>innumerae</span> <span class='ocrx_word' id='word_1_82' title='bbox 328 1478 524 1542; x_wconf 80' lang='lat' dir='ltr'>comitantur</span> <span class='ocrx_word' id='word_1_83' title='bbox 546 1499 621 1542; x_wconf 84' lang='lat' dir='ltr'>aves</span> <span class='ocrx_word' id='word_1_84' title='bbox 645 1478 808 1561; x_wconf 89' lang='lat' dir='ltr'>stipatque</span> <span class='ocrx_word' id='word_1_85' title='bbox 831 1479 995 1542; x_wconf 84' lang='lat' dir='ltr'>volantem</span> 
     </span>
     <span class='ocr_line' id='line_1_16' title="bbox 111 1565 931 1652; baseline 0 -22"><span class='ocrx_word' id='word_1_86' title='bbox 111 1565 261 1631; x_wconf 87' lang='lat' dir='ltr'>Alituum</span> <span class='ocrx_word' id='word_1_87' title='bbox 284 1588 439 1649; x_wconf 87' lang='lat' dir='ltr'>suspensa</span> <span class='ocrx_word' id='word_1_88' title='bbox 463 1566 587 1631; x_wconf 89' lang='lat' dir='ltr'>cohors.</span> <span class='ocrx_word' id='word_1_89' title='bbox 623 1566 795 1630; x_wconf 86' lang='lat' dir='ltr'>Exercitus</span> <span class='ocrx_word' id='word_1_90' title='bbox 817 1567 931 1652; x_wconf 87' lang='lat' dir='ltr'>ingens</span> 
     </span>
     <span class='ocr_line' id='line_1_17' title="bbox 112 1653 866 1727; baseline -0.001 -8"><span class='ocrx_word' id='word_1_91' title='bbox 112 1653 258 1719; x_wconf 92' lang='lat' dir='ltr'>Obnubit</span> <span class='ocrx_word' id='word_1_92' title='bbox 280 1655 370 1719; x_wconf 85' lang='lat' dir='ltr'>vario</span> <span class='ocrx_word' id='word_1_93' title='bbox 394 1655 459 1719; x_wconf 90' lang='lat' dir='ltr'>late</span> <span class='ocrx_word' id='word_1_94' title='bbox 482 1676 624 1727; x_wconf 83' lang='lat' dir='ltr'>convexa</span> <span class='ocrx_word' id='word_1_95' title='bbox 646 1660 763 1719; x_wconf 91' lang='lat' dir='ltr'>meatu.</span> <span class='ocrx_word' id='word_1_96' title='bbox 862 1665 866 1673; x_wconf 79' lang='grc'><em>’</em></span> 
     </span>
    </p>

    <p class='ocr_par' dir='ltr' id='par_1_6' title="bbox 60 1743 1009 2361">
     <span class='ocr_line' id='line_1_18' title="bbox 111 1743 953 1827; baseline -0.002 -19"><span class='ocrx_word' id='word_1_97' title='bbox 111 1743 180 1809; x_wconf 89' lang='lat' dir='ltr'>Nec</span> <span class='ocrx_word' id='word_1_98' title='bbox 204 1744 375 1827; x_wconf 88' lang='lat' dir='ltr'>quisquam</span> <span class='ocrx_word' id='word_1_99' title='bbox 398 1745 498 1808; x_wconf 90' lang='lat' dir='ltr'>tantis</span> <span class='ocrx_word' id='word_1_100' title='bbox 523 1767 539 1808; x_wconf 93' lang='lat' dir='ltr'>e</span> <span class='ocrx_word' id='word_1_101' title='bbox 562 1743 695 1807; x_wconf 91' lang='lat' dir='ltr'>milibus</span> <span class='ocrx_word' id='word_1_102' title='bbox 720 1743 834 1807; x_wconf 83' lang='lat' dir='ltr'>obvius</span> <span class='ocrx_word' id='word_1_103' title='bbox 858 1743 953 1806; x_wconf 91' lang='lat' dir='ltr'>audet</span> 
     </span>
     <span class='ocr_line' id='line_1_19' title="bbox 110 1830 911 1919; baseline 0 -23"><span class='ocrx_word' id='word_1_104' title='bbox 110 1830 162 1896; x_wconf 90' lang='lat' dir='ltr'>Ire</span> <span class='ocrx_word' id='word_1_105' title='bbox 186 1832 271 1919; x_wconf 79' lang='lat' dir='ltr'>duci,</span> <span class='ocrx_word' id='word_1_106' title='bbox 295 1833 351 1897; x_wconf 88' lang='lat' dir='ltr'>sed</span> <span class='ocrx_word' id='word_1_107' title='bbox 373 1833 459 1918; x_wconf 84' lang='lat' dir='ltr'>regis</span> <span class='ocrx_word' id='word_1_108' title='bbox 483 1833 545 1897; x_wconf 91' lang='lat' dir='ltr'>iter</span> <span class='ocrx_word' id='word_1_109' title='bbox 568 1832 745 1918; x_wconf 84' lang='lat' dir='ltr'>fragrantis</span> <span class='ocrx_word' id='word_1_110' title='bbox 769 1832 911 1896; x_wconf 87' lang='lat' dir='ltr'>adorant.</span> 
     </span>
     <span class='ocr_line' id='line_1_20' title="bbox 109 1919 1009 2007; baseline -0.004 -20"><span class='ocrx_word' id='word_1_111' title='bbox 109 1919 188 1987; x_wconf 87' lang='lat' dir='ltr'>Non</span> <span class='ocrx_word' id='word_1_112' title='bbox 209 1921 297 1985; x_wconf 81' lang='lat' dir='ltr'>ferus</span> <span class='ocrx_word' id='word_1_113' title='bbox 321 1921 486 2007; x_wconf 79' lang='lat' dir='ltr'>accipiter,</span> <span class='ocrx_word' id='word_1_114' title='bbox 509 1943 576 1986; x_wconf 90' lang='lat' dir='ltr'>non</span> <span class='ocrx_word' id='word_1_115' title='bbox 598 1921 739 2006; x_wconf 87' lang='lat' dir='ltr'>armiger</span> <span class='ocrx_word' id='word_1_116' title='bbox 760 1921 830 2005; x_wconf 91' lang='lat' dir='ltr'>ipse</span> <span class='ocrx_word' id='word_1_117' title='bbox 853 1920 1009 1984; x_wconf 83' lang='lat' dir='ltr'>Tonantis</span> 
     </span>
     <span class='ocr_line' id='line_1_21' title="bbox 109 2008 985 2074; baseline -0.001 0"><span class='ocrx_word' id='word_1_118' title='bbox 109 2008 202 2074; x_wconf 92' lang='lat' dir='ltr'>Bella</span> <span class='ocrx_word' id='word_1_119' title='bbox 225 2014 346 2074; x_wconf 87' lang='lat' dir='ltr'>movet:</span> <span class='ocrx_word' id='word_1_120' title='bbox 370 2032 538 2074; x_wconf 91' lang='lat' dir='ltr'>commune</span> <span class='ocrx_word' id='word_1_121' title='bbox 561 2009 640 2074; x_wconf 88' lang='lat' dir='ltr'>facit</span> <span class='ocrx_word' id='word_1_122' title='bbox 662 2009 841 2073; x_wconf 83' lang='lat' dir='ltr'>reverentia</span> <span class='ocrx_word' id='word_1_123' title='bbox 864 2009 985 2074; x_wconf 86' lang='lat' dir='ltr'>foedus.</span> 
     </span>
     <span class='ocr_line' id='line_1_22' title="bbox 60 2097 877 2184; baseline -0.002 -22"><span class='ocrx_word' id='word_1_124' title='bbox 60 2147 64 2154; x_wconf 85' lang='lat'><strong>.</strong></span> <span class='ocrx_word' id='word_1_125' title='bbox 109 2097 198 2162; x_wconf 83' lang='lat' dir='ltr'>Talis</span> <span class='ocrx_word' id='word_1_126' title='bbox 223 2099 407 2162; x_wconf 88' lang='lat' dir='ltr'>barbaricas</span> <span class='ocrx_word' id='word_1_127' title='bbox 430 2100 514 2162; x_wconf 85' lang='lat' dir='ltr'>flavo</span> <span class='ocrx_word' id='word_1_128' title='bbox 538 2098 577 2161; x_wconf 88' lang='lat' dir='ltr'>de</span> <span class='ocrx_word' id='word_1_129' title='bbox 600 2098 730 2184; x_wconf 61' lang='lat' dir='ltr'>tigride</span> <span class='ocrx_word' id='word_1_130' title='bbox 753 2101 877 2161; x_wconf 92' lang='lat' dir='ltr'>turmas</span> 
     </span>
     <span class='ocr_line' id='line_1_23' title="bbox 109 2185 956 2274; baseline -0.002 -23"><span class='ocrx_word' id='word_1_131' title='bbox 109 2185 235 2251; x_wconf 86' lang='lat' dir='ltr'>Ductor</span> <span class='ocrx_word' id='word_1_132' title='bbox 257 2187 398 2251; x_wconf 88' lang='lat' dir='ltr'>Parthus</span> <span class='ocrx_word' id='word_1_133' title='bbox 422 2189 503 2274; x_wconf 79' lang='lat' dir='ltr'>agit:</span> <span class='ocrx_word' id='word_1_134' title='bbox 527 2187 663 2273; x_wconf 84' lang='lat' dir='ltr'>gemmis</span> <span class='ocrx_word' id='word_1_135' title='bbox 688 2190 720 2250; x_wconf 95' lang='lat' dir='ltr'>et</span> <span class='ocrx_word' id='word_1_136' title='bbox 744 2186 842 2250; x_wconf 86' lang='lat' dir='ltr'>divite</span> <span class='ocrx_word' id='word_1_137' title='bbox 866 2186 956 2250; x_wconf 88' lang='lat' dir='ltr'>cultu</span> 
     </span>
     <span class='ocr_line' id='line_1_24' title="bbox 108 2275 874 2361; baseline -0.003 -21"><span class='ocrx_word' id='word_1_138' title='bbox 108 2275 291 2340; x_wconf 86' lang='lat' dir='ltr'>Luxurians</span> <span class='ocrx_word' id='word_1_139' title='bbox 315 2277 410 2340; x_wconf 81' lang='lat' dir='ltr'>sertis</span> <span class='ocrx_word' id='word_1_140' title='bbox 434 2276 557 2359; x_wconf 91' lang='lat' dir='ltr'>apicem</span> <span class='ocrx_word' id='word_1_141' title='bbox 579 2275 744 2361; x_wconf 87' lang='lat' dir='ltr'>regalibus</span> <span class='ocrx_word' id='word_1_142' title='bbox 768 2278 874 2360; x_wconf 78' lang='lat' dir='ltr'>ornat3</span> 
     </span>
    </p>

    <p class='ocr_par' dir='ltr' id='par_1_7' title="bbox 107 2363 959 2625">
     <span class='ocr_line' id='line_1_25' title="bbox 108 2363 959 2449; baseline -0.004 -21"><span class='ocrx_word' id='word_1_143' title='bbox 108 2363 199 2427; x_wconf 92' lang='lat' dir='ltr'>Auro</span> <span class='ocrx_word' id='word_1_144' title='bbox 223 2365 329 2428; x_wconf 84' lang='lat' dir='ltr'>frenat</span> <span class='ocrx_word' id='word_1_145' title='bbox 352 2386 484 2449; x_wconf 79' lang='lat' dir='ltr'>equum,</span> <span class='ocrx_word' id='word_1_146' title='bbox 506 2364 671 2447; x_wconf 78' lang='lat' dir='ltr'>pertusam</span> <span class='ocrx_word' id='word_1_147' title='bbox 693 2364 814 2427; x_wconf 86' lang='lat' dir='ltr'>murice</span> <span class='ocrx_word' id='word_1_148' title='bbox 836 2366 959 2428; x_wconf 84' lang='lat' dir='ltr'>vestem</span> 
     </span>
     <span class='ocr_line' id='line_1_26' title="bbox 107 2450 889 2538; baseline -0.001 -23"><span class='ocrx_word' id='word_1_149' title='bbox 107 2451 244 2536; x_wconf 79' lang='lat' dir='ltr'>Assyria</span> <span class='ocrx_word' id='word_1_150' title='bbox 268 2453 415 2538; x_wconf 86' lang='lat' dir='ltr'>signatur</span> <span class='ocrx_word' id='word_1_151' title='bbox 438 2474 498 2516; x_wconf 90' lang='lat' dir='ltr'>acu</span> <span class='ocrx_word' id='word_1_152' title='bbox 520 2452 727 2536; x_wconf 88' lang='lat' dir='ltr'>tumidusque</span> <span class='ocrx_word' id='word_1_153' title='bbox 749 2450 889 2538; x_wconf 83' lang='lat' dir='ltr'>regendo</span> 
     </span>
     <span class='ocr_line' id='line_1_27' title="bbox 110 2540 878 2625; baseline -0.001 -21"><span class='ocrx_word' id='word_1_154' title='bbox 110 2540 204 2604; x_wconf 80' lang='lat' dir='ltr'>Celsa</span> <span class='ocrx_word' id='word_1_155' title='bbox 225 2562 283 2625; x_wconf 94' lang='lat' dir='ltr'>per</span> <span class='ocrx_word' id='word_1_156' title='bbox 305 2541 444 2605; x_wconf 87' lang='lat' dir='ltr'>famulas</span> <span class='ocrx_word' id='word_1_157' title='bbox 468 2541 552 2605; x_wconf 90' lang='lat' dir='ltr'>acies</span> <span class='ocrx_word' id='word_1_158' title='bbox 576 2541 701 2605; x_wconf 88' lang='lat' dir='ltr'>dicione</span> <span class='ocrx_word' id='word_1_159' title='bbox 724 2540 878 2624; x_wconf 91' lang='lat' dir='ltr'>superbit.</span> 
     </span>
    </p>

    <p class='ocr_par' dir='ltr' id='par_1_8' title="bbox 104 2627 1129 3335">
     <span class='ocr_line' id='line_1_28' title="bbox 177 2627 1035 2716; baseline 0 -24"><span class='ocrx_word' id='word_1_160' title='bbox 177 2629 271 2693; x_wconf 79' lang='lat' dir='ltr'>Clara</span> <span class='ocrx_word' id='word_1_161' title='bbox 293 2651 351 2713; x_wconf 90' lang='lat' dir='ltr'>per</span> <span class='ocrx_word' id='word_1_162' title='bbox 373 2627 561 2716; x_wconf 84' lang='lat' dir='ltr'>Aegyptum</span> <span class='ocrx_word' id='word_1_163' title='bbox 583 2628 719 2713; x_wconf 86' lang='lat' dir='ltr'>placidis</span> <span class='ocrx_word' id='word_1_164' title='bbox 741 2629 912 2692; x_wconf 89' lang='lat' dir='ltr'>notissima</span> <span class='ocrx_word' id='word_1_165' title='bbox 936 2627 1035 2692; x_wconf 91' lang='lat' dir='ltr'>sacris</span> 
     </span>
     <span class='ocr_line' id='line_1_29' title="bbox 107 2714 1129 2804; baseline 0.003 -24"><span class='ocrx_word' id='word_1_166' title='bbox 107 2714 195 2781; x_wconf 84' lang='lat' dir='ltr'>Vrbs</span> <span class='ocrx_word' id='word_1_167' title='bbox 218 2718 335 2782; x_wconf 81' lang='lat' dir='ltr'>&#39;Pitana</span> <span class='ocrx_word' id='word_1_168' title='bbox 359 2719 450 2804; x_wconf 82' lang='lat' dir='ltr'>colit,</span> <span class='ocrx_word' id='word_1_169' title='bbox 474 2721 665 2800; x_wconf 89' lang='lat' dir='ltr'>centumque</span> <span class='ocrx_word' id='word_1_170' title='bbox 689 2718 812 2782; x_wconf 87' lang='lat' dir='ltr'>adcline</span> <span class='ocrx_word' id='word_1_171' title='bbox 837 2717 994 2781; x_wconf 90' lang='lat' dir='ltr'>columnis</span> <span class='ocrx_word' id='word_1_172' title='bbox 1090 2735 1129 2783; x_wconf 81' lang='lat' dir='ltr'>oo</span> 
     </span>
     <span class='ocr_line' id='line_1_30' title="bbox 106 2802 932 2890; baseline -0.001 -20"><span class='ocrx_word' id='word_1_173' title='bbox 106 2802 275 2872; x_wconf 76' lang='lat' dir='ltr'>invehitur</span> <span class='ocrx_word' id='word_1_174' title='bbox 297 2808 454 2890; x_wconf 90' lang='lat' dir='ltr'>templum</span> <span class='ocrx_word' id='word_1_175' title='bbox 477 2806 631 2870; x_wconf 81' lang='lat' dir='ltr'>Thebano</span> <span class='ocrx_word' id='word_1_176' title='bbox 654 2810 765 2870; x_wconf 91' lang='lat' dir='ltr'>monte</span> <span class='ocrx_word' id='word_1_177' title='bbox 787 2805 932 2870; x_wconf 81' lang='lat' dir='ltr'>revulsis.</span> 
     </span>
     <span class='ocr_line' id='line_1_31' title="bbox 106 2892 944 2981; baseline -0.001 -23"><span class='ocrx_word' id='word_1_178' title='bbox 106 2892 192 2981; x_wconf 84' lang='lat' dir='ltr'>Illic,</span> <span class='ocrx_word' id='word_1_179' title='bbox 214 2899 252 2959; x_wconf 90' lang='lat' dir='ltr'>ut</span> <span class='ocrx_word' id='word_1_180' title='bbox 274 2895 459 2980; x_wconf 83' lang='lat' dir='ltr'>perhibent,</span> <span class='ocrx_word' id='word_1_181' title='bbox 481 2896 621 2980; x_wconf 90' lang='lat' dir='ltr'>patriam</span> <span class='ocrx_word' id='word_1_182' title='bbox 644 2895 681 2958; x_wconf 90' lang='lat' dir='ltr'>de</span> <span class='ocrx_word' id='word_1_183' title='bbox 704 2916 793 2959; x_wconf 92' lang='lat' dir='ltr'>more</span> <span class='ocrx_word' id='word_1_184' title='bbox 816 2894 944 2977; x_wconf 89' lang='lat' dir='ltr'>reponit</span> 
     </span>
     <span class='ocr_line' id='line_1_32' title="bbox 108 2982 913 3070; baseline -0.001 -23"><span class='ocrx_word' id='word_1_185' title='bbox 108 2982 300 3070; x_wconf 80' lang='lat' dir='ltr'>Congeriem</span> <span class='ocrx_word' id='word_1_186' title='bbox 321 2984 512 3067; x_wconf 77' lang='lat' dir='ltr'>vultumque</span> <span class='ocrx_word' id='word_1_187' title='bbox 535 2983 586 3047; x_wconf 88' lang='lat' dir='ltr'>dei</span> <span class='ocrx_word' id='word_1_188' title='bbox 608 2987 780 3047; x_wconf 85' lang='lat' dir='ltr'>veneratus</span> <span class='ocrx_word' id='word_1_189' title='bbox 803 2983 913 3047; x_wconf 86' lang='lat' dir='ltr'>erilem</span> 
     </span>
     <span class='ocr_line' id='line_1_33' title="bbox 105 3070 1029 3157; baseline -0.001 -22"><span class='ocrx_word' id='word_1_190' title='bbox 105 3070 176 3136; x_wconf 91' lang='lat' dir='ltr'>Iam</span> <span class='ocrx_word' id='word_1_191' title='bbox 198 3074 346 3136; x_wconf 90' lang='lat' dir='ltr'>flammae</span> <span class='ocrx_word' id='word_1_192' title='bbox 369 3072 571 3137; x_wconf 87' lang='lat' dir='ltr'>commendat</span> <span class='ocrx_word' id='word_1_193' title='bbox 595 3093 690 3157; x_wconf 80' lang='lat' dir='ltr'>onus,</span> <span class='ocrx_word' id='word_1_194' title='bbox 713 3073 779 3136; x_wconf 89' lang='lat' dir='ltr'>iam</span> <span class='ocrx_word' id='word_1_195' title='bbox 802 3070 942 3135; x_wconf 90' lang='lat' dir='ltr'>destinat</span> <span class='ocrx_word' id='word_1_196' title='bbox 965 3072 1029 3134; x_wconf 88' lang='lat' dir='ltr'>aris</span> 
     </span>
     <span class='ocr_line' id='line_1_34' title="bbox 107 3160 1128 3244; baseline 0.001 -19"><span class='ocrx_word' id='word_1_197' title='bbox 107 3160 236 3226; x_wconf 84' lang='lat' dir='ltr'>Semina</span> <span class='ocrx_word' id='word_1_198' title='bbox 258 3161 488 3244; x_wconf 87' lang='lat' dir='ltr'>relliquiasque</span> <span class='ocrx_word' id='word_1_199' title='bbox 512 3160 575 3224; x_wconf 91' lang='lat' dir='ltr'>sui:</span> <span class='ocrx_word' id='word_1_200' title='bbox 598 3161 715 3224; x_wconf 89' lang='lat' dir='ltr'>mirata</span> <span class='ocrx_word' id='word_1_201' title='bbox 737 3160 881 3224; x_wconf 91' lang='lat' dir='ltr'>relucent</span> <span class='ocrx_word' id='word_1_202' title='bbox 1088 3178 1128 3227; x_wconf 72' lang='lat'>95</span> 
     </span>
     <span class='ocr_line' id='line_1_35' title="bbox 104 3249 793 3335; baseline -0.001 -22"><span class='ocrx_word' id='word_1_203' title='bbox 104 3249 245 3335; x_wconf 80' lang='lat' dir='ltr'>Limina3</span> <span class='ocrx_word' id='word_1_204' title='bbox 269 3249 377 3315; x_wconf 87' lang='lat' dir='ltr'>divino</span> <span class='ocrx_word' id='word_1_205' title='bbox 402 3249 527 3333; x_wconf 89' lang='lat' dir='ltr'>spirant</span> <span class='ocrx_word' id='word_1_206' title='bbox 550 3249 666 3313; x_wconf 90' lang='lat' dir='ltr'>altaria</span> <span class='ocrx_word' id='word_1_207' title='bbox 688 3250 793 3333; x_wconf 78' lang='lat' dir='ltr'>fumo,</span> 
     </span>
    </p>

    <p class='ocr_par' dir='ltr' id='par_1_9' title="bbox 92 3337 968 3596">
     <span class='ocr_line' id='line_1_36' title="bbox 104 3337 902 3421; baseline -0.003 -19"><span class='ocrx_word' id='word_1_208' title='bbox 104 3337 150 3402; x_wconf 82' lang='lat' dir='ltr'>Et</span> <span class='ocrx_word' id='word_1_209' title='bbox 173 3338 358 3403; x_wconf 86' lang='lat' dir='ltr'>Pelusiacas</span> <span class='ocrx_word' id='word_1_210' title='bbox 380 3338 557 3421; x_wconf 89' lang='lat' dir='ltr'>productus</span> <span class='ocrx_word' id='word_1_211' title='bbox 581 3338 746 3421; x_wconf 87' lang='lat' dir='ltr'>adusque</span> <span class='ocrx_word' id='word_1_212' title='bbox 769 3337 902 3420; x_wconf 87' lang='lat' dir='ltr'>paludes</span> 
     </span>
     <span class='ocr_line' id='line_1_37' title="bbox 104 3425 968 3511; baseline -0.001 -21"><span class='ocrx_word' id='word_1_213' title='bbox 104 3425 205 3490; x_wconf 87' lang='lat' dir='ltr'>Indus</span> <span class='ocrx_word' id='word_1_214' title='bbox 229 3427 308 3490; x_wconf 90' lang='lat' dir='ltr'>odor</span> <span class='ocrx_word' id='word_1_215' title='bbox 330 3431 479 3511; x_wconf 87' lang='lat' dir='ltr'>penetrat</span> <span class='ocrx_word' id='word_1_216' title='bbox 501 3448 595 3491; x_wconf 89' lang='lat' dir='ltr'>nares</span> <span class='ocrx_word' id='word_1_217' title='bbox 619 3427 822 3510; x_wconf 90' lang='lat' dir='ltr'>completque</span> <span class='ocrx_word' id='word_1_218' title='bbox 847 3426 968 3490; x_wconf 91' lang='lat' dir='ltr'>salubri</span> 
     </span>
     <span class='ocr_line' id='line_1_38' title="bbox 92 3513 876 3596; baseline 0.005 -21"><span class='ocrx_word' id='word_1_219' title='bbox 92 3513 306 3596; x_wconf 79' lang='lat' dir='ltr'>Tempestate</span> <span class='ocrx_word' id='word_1_220' title='bbox 331 3517 419 3582; x_wconf 77' lang='lat' dir='ltr'>viros</span> <span class='ocrx_word' id='word_1_221' title='bbox 444 3520 477 3582; x_wconf 90' lang='lat' dir='ltr'>et</span> <span class='ocrx_word' id='word_1_222' title='bbox 499 3520 628 3582; x_wconf 90' lang='lat' dir='ltr'>nectare</span> <span class='ocrx_word' id='word_1_223' title='bbox 651 3515 775 3580; x_wconf 88' lang='lat' dir='ltr'>dulcior</span> <span class='ocrx_word' id='word_1_224' title='bbox 798 3537 876 3580; x_wconf 89' lang='lat' dir='ltr'>aura</span> 
     </span>
    </p>
   </div>
   <div class='ocr_carea' id='block_1_3' title="bbox 0 0 1224 3832">
    <p class='ocr_par' dir='ltr' id='par_1_10' title="bbox 0 0 1224 3832">
     <span class='ocr_line' id='line_1_39' title="bbox 0 0 1224 3832; baseline 0 4"><span class='ocrx_word' id='word_1_225' title='bbox 0 0 1224 3832; x_wconf 95' lang='lat' dir='ltr'> </span> 
     </span>
    </p>
   </div>
  </div>
 </body>
</html>
