2438 3832
124 144 189 209 318
294 143 419 206 saluas
438 142 635 199 CARMINUM
652 143 763 199 HUIUS
781 141 973 199 aDmONIS.

126 304 168 358 De
186 306 270 374 raptu
287 303 473 373 Proserpinae
491 303 529 356 III
540 345 972 361 .............
1023 301 1141 360 XXXVI

126 376 325 444 Fragmentum
343 375 482 429 incertum
502 416 971 433 ..............

124 447 197 515 App.
216 446 241 502 l:
261 446 293 499 ln
312 444 425 501 Sirenas
431 483 974 503 ................
1119 445 1141 501 Ο

214 517 253 570 II:
271 517 346 572 Laus
364 515 494 572 Herculis
501 559 970 574 ..............
1104 516 1139 572 ci

212 587 283 642 IIIa:
302 587 343 643 De
363 587 456 642 dulcio
468 629 757 644 .........
773 637 776 641 ,
786 631 972 645 ......

211 659 284 714 Illb:
303 660 345 713 De
364 657 457 712 dulcio
468 700 970 715 ...............

213 728 265 786 IV:
284 729 326 784 De
344 746 415 784 zona
432 729 520 784 missa
538 729 574 783 ab
594 729 692 784 eadem
714 771 970 786 ........
1049 729 1140 784 LXXI

212 801 250 857 V:
269 798 494 870 Epithalamium
512 799 659 856 Laurentii
678 843 971 859 .........

212 872 262 927 Vl:
281 872 323 925 De
341 870 518 927 Liberalibus
536 914 971 929 .............

213 942 276 1000 VII:
296 944 371 997 Laus
390 942 490 996 Martis
501 984 970 1000 ..............

211 1014 289 1070 VIII:
308 1013 350 1068 De
368 1013 552 1068 lunonalibns
570 1055 971 1071 ............

211 1086 261 1140 IX:
281 1084 323 1140 De
342 1084 545 1154 hippopotamo
565 1087 594 1139 et
611 1083 753 1140 crocodilo
784 1126 969 1142 ......
1050 1084 1138 1138 XCIII

212 1157 249 1210 X:
268 1156 309 1210 De
330 1155 427 1224 aquila
445 1172 517 1224 quae
535 1155 566 1210 in
583 1171 681 1211 mensa
700 1159 761 1210 erat
784 1197 969 1212 ......
1049 1155 1139 1210 XCIV

212 1228 263 1281 XI:
282 1228 323 1280 De
342 1226 424 1281 Isidis
443 1226 557 1296 navigio
570 1268 968 1284 ............

212 1298 275 1352 XII:
294 1297 336 1352 De
355 1297 469 1353 lavacro
501 1340 969 1355 ..............

211 1370 289 1423 XIII:
307 1367 349 1422 De
369 1368 510 1423 vinalibus
535 1410 969 1426 .............

211 1439 288 1495 XIV:
307 1438 349 1492 De
368 1437 489 1508 Cythera
499 1481 970 1497 ..............

212 1512 275 1565 XV:
295 1510 337 1564 De
357 1526 436 1565 cereo
461 1553 969 1568 ...............

211 1581 289 1637 XVI:
307 1582 350 1635 De
369 1580 499 1635 iruntline
535 1624 969 1638 .............

210 1652 301 1708 XVII:
319 1651 361 1706 De
380 1668 477 1720 mergo
501 1694 969 1710 ..............

211 1722 314 1780 XVIII:
333 1723 375 1778 De
394 1721 491 1777 vitulis
510 1722 626 1777 marinis
642 1765 969 1780 ..........

211 1794 305 1849 XIXa:
324 1794 366 1849 De
385 1810 509 1864 paupere
526 1793 680 1864 singulari,
709 1792 731 1851 .“
745 1835 969 1850 .......

210 1866 306 1920 XIXb:
325 1865 367 1920 De
386 1881 439 1934 ape
461 1904 968 1923 ...............

211 1937 275 1991 XX:
295 1935 368 1990 Laus
388 1933 494 1990 Christi
532 1977 966 1992 .............
1022 1933 1138 1991 xcvm

211 2007 288 2063 XXI:
307 2006 446 2062 Miraoula
464 2006 569 2062 Christi
606 2048 969 2063 ...........
1047 2005 1137 2061 xcix

210 2078 300 2132 XXII:
319 2078 431 2133 Marcus
451 2094 549 2131 amans
568 2093 686 2146 puerum
705 2118 712 2132 .
728 2119 756 2133 ..
783 2120 790 2133 .
819 2118 826 2133 .
854 2119 861 2132 .
890 2120 896 2132 .
926 2120 932 2132 .
961 2120 967 2132 .

120 2167 204 2205 earm.
223 2167 264 2218 gr.
284 2150 495 2220 Γιγαντομαχία
502 2189 968 2206 ..............

120 2221 207 2292 epigr.
226 2216 360 2276 ΙεἽλαθί
379 2240 426 2291 μοι
445 2217 508 2290 φίλε
528 2220 676 2292 Φοῖβε...
708 2261 715 2275 .
739 2261 751 2278 ,
781 2262 787 2276 .
815 2262 821 2275 .
850 2261 857 2274 .
887 2261 892 2274 .
922 2261 928 2275 .
958 2261 963 2271 .
1058 2218 1136 2275 LXV

226 2293 264 2346 II:
285 2293 336 2356 Εἰς
354 2289 456 2346 δοῦλόν
469 2310 534 2345 τινα
551 2287 699 2360 sophistes
710 2332 965 2346 ........
1033 2289 1136 2344 LXVII

225 2363 276 2416 III:
297 2364 348 2426 Εἰς
366 2361 475 2432 μιμάὸα
492 2359 656 2432 γηράσασαν
675 2403 966 2418 .........
1046 2360 1135 2416 LXVI

225 2433 276 2487 IV:
296 2434 347 2497 Εἰς
365 2433 535 2502 κρύσταλλον
568 2474 967 2489 ............
1045 2431 1136 2487 LXIII

226 2502 265 2557 V:
286 2504 336 2567 Εἰς
354 2504 386 2558 τὸ
405 2502 474 2558 αὐτό
496 2545 963 2561 ..............
1045 2501 1137 2564 LXIV

226 2573 277 2628 VI:
297 2575 349 2638 Εἰς
366 2575 416 2629 τὸν
435 2582 545 2644 σωτῆρα
567 2616 967 2631 ............
1045 2571 1135 2627 XCVI

227 2645 290 2700 VII:
311 2646 362 2710 Εἰς
379 2646 429 2700 τὸν
448 2643 534 2700 αὐτόν
567 2687 967 2702 ............
1033 2643 1136 2699 XCVII
