2438 3832
80 177 230 248 (XXVIII.)
249 176 507 233 PANEGYRICVS
526 178 574 232 DE
595 177 711 233 SEXTO
727 178 828 234 CONS.
843 178 1007 234 HONORII.
1029 179 1089 243 191

78 340 147 417 Qua
171 362 264 404 mons
289 344 357 403 arte
379 343 494 422 patens
517 341 591 406 vivo
615 362 649 404 se
671 340 815 424 perforat
839 362 915 405 arcu

76 428 282 512 Admisitque
304 428 390 493 viam
414 433 519 493 sectae
541 451 599 513 per
621 429 744 493 viscera
767 430 866 515 rupis

76 518 269 602 Exuperans
294 517 426 581 delubra
448 516 536 582 lovis
560 540 701 602 saxoque
724 518 884 582 minantes

75 606 356 692 Appenninigenis
380 606 484 670 cultas
507 607 694 691 pastoribus
718 629 799 671 aras,
1041 623 1092 673 505

78 695 163 772 Quin
186 700 218 759 et
242 695 400 760 Clitumni
423 717 530 760 sacras
553 695 732 760 victoribus
755 695 867 773 undas

78 784 220 848 Candida
244 805 325 867 quae
348 784 452 848 Latiis
475 786 631 869 praebent
654 789 799 848 armenta
821 785 1005 871 triumphis

76 872 190 937 Visere
214 895 290 936 cura
312 873 389 958 fuit3
411 895 470 937 nec
493 879 526 938 te
548 873 704 938 miracula
726 874 828 937 fontis

77 961 301 1045 Praetereunt,
324 962 424 1025 tacito
447 984 546 1045 passu
570 984 665 1045 quem
689 962 717 1026 si
740 961 813 1044 quis
836 962 947 1047 adiret,

76 1051 199 1114 Lentus
222 1054 303 1134 erat3
327 1051 355 1113 si
377 1072 455 1114 voce
478 1051 613 1137 gradum
635 1051 756 1115 maiore
779 1051 920 1135 citasset‚
1041 1067 1092 1116 510

80 1138 271 1202 Commixtis
294 1139 439 1203 fervebat
463 1140 570 1223 aquis3
594 1159 730 1222 cumque
754 1139 904 1202 omnibus
927 1161 992 1203 una

78 1226 128 1292 Sit
150 1231 267 1291 natura
289 1227 393 1313 vadis,
418 1229 539 1292 similes
561 1232 599 1291 ut
623 1227 767 1311 eorporis
790 1227 893 1291 undas

78 1314 270 1401 Ostendant,
292 1316 372 1380 haec
396 1317 466 1380 sola
488 1339 606 1381 novam
628 1316 783 1381 iaetantia
807 1320 930 1381 sortem

76 1404 245 1469 Humanos
268 1409 442 1488 properant
465 1405 586 1469 imitari
609 1405 743 1469 flumina
765 1426 879 1470 mores.

79 1493 172 1557 Celsa
196 1493 310 1558 dehinc
328 1494 476 1576 patulum
494 1498 705 1579 prospectans
723 1493 847 1559 Narnia
866 1515 1014 1577 campum
1042 1510 1093 1559 515

76 1581 193 1667 Regali
216 1583 359 1646 calcatur
381 1604 478 1667 equo,
501 1583 629 1666 rarique
653 1583 771 1647 coloris

76 1669 154 1735 Non
177 1671 290 1753 procul
314 1671 417 1734 amnis
441 1671 547 1757 abest,
569 1671 644 1734 urbi
668 1672 724 1754 qui
745 1671 887 1735 nominis
911 1675 1036 1736 auctor:

77 1757 155 1823 llice
179 1759 238 1822 sub
263 1759 360 1822 densa
385 1759 475 1824 silvis
498 1763 623 1824 artatus
647 1760 756 1843 opacis

77 1846 167 1911 Inter
189 1851 361 1930 utrumque
384 1848 497 1933 iugum
520 1848 617 1912 tortis
641 1848 841 1912 anfractibus
865 1848 960 1913 albet.

77 1934 155 2000 Inde
180 1936 321 1999 salutato
344 1935 455 1999 libatis
479 1936 643 2020 Thybride
665 1936 808 2020 lymphis
1042 1952 1093 2002 520

78 2025 254 2107 Excipiunt
278 2047 371 2088 arcus
395 2047 593 2108 operosaque
617 2025 731 2088 semita
754 2025 855 2089 vastis

78 2112 221 2176 Molibus
245 2118 277 2176 et
301 2113 456 2196 quidquid
478 2118 588 2177 tantae
611 2114 831 2196 praemittitur
852 2113 935 2177 urbi.

145 2200 194 2265 Ac
217 2202 306 2265 velut
330 2201 446 2266 officiis
469 2201 706 2286 trepidantibus
730 2223 786 2266 ora
809 2201 935 2284 puellae

79 2289 142 2374 Spe
160 2291 311 2374 propio‘re
334 2291 398 2353 tori
421 2294 525 2354 mater
549 2290 712 2354 sollertior
735 2294 829 2354 ornat

78 2377 277 2442 Adveniente
300 2400 398 2461 proco
422 2382 592 2461 vestesque
615 2382 647 2443 et
671 2379 801 2466 cingula
824 2379 922 2443 comit
1030 2396 1095 2463 ¹525

80 2466 181 2550 Saepe
203 2489 301 2530 manu
324 2467 482 2550 viridique
505 2471 659 2553 angustat
682 2468 804 2551 iaspide
827 2471 940 2551 pectus

79 2554 344 2641 Substringitque
368 2577 492 2620 comam
515 2556 650 2642 gemmis
674 2559 706 2619 et
730 2556 813 2620 oolla
835 2557 949 2621 monili

80 2643 202 2708 Circuit
226 2648 258 2708 et
281 2644 370 2707 bacis
394 2649 507 2709 onerat
531 2644 741 2708 candentibus
765 2665 871 2709 aures:
985 2699 987 2704 .

79 2731 132 2796 Sic
156 2732 257 2796 oculis
280 2733 439 2816 placitura
461 2734 527 2796 tuis
550 2733 710 2818 insignior
732 2734 836 2797 auctis

80 2819 226 2884 Collibus
251 2825 282 2885 et
304 2825 383 2885 nota
405 2822 508 2885 maior
532 2843 566 2885 se
589 2821 693 2885 Roma
715 2821 885 2886 videndam
1043 2839 1095 2888 530

79 2908 215 2972 Obtulit.
262 2908 433 2974 Addebant
455 2909 628 2993 pulchrum
649 2931 734 2973 nova
756 2911 884 2975 moenia
906 2909 1033 2975 vultum

78 2995 199 3061 Audito
223 2999 365 3081 perfecta
387 3019 498 3062 reeens
521 3019 649 3061 rumore
673 2996 837 3084 Getarum,

77 3085 283 3169 Profecitque
307 3087 415 3173 opifex
438 3086 544 3150 decori
567 3086 674 3171 timor,
697 3090 729 3151 et
752 3087 821 3151 vice
844 3087 935 3171 mira,

80 3173 182 3250 Quam
204 3198 268 3259 pax
290 3176 459 3261 intulerat,
481 3175 568 3239 bello
592 3174 737 3239 discussa
760 3180 908 3240 senectus

77 3262 192 3327 Erexit
216 3264 340 3328 subitas
364 3270 469 3329 turres
494 3267 691 3347 cunctosque
715 3265 821 3351 coegit
1042 3279 1094 3328 535

79 3350 208 3442 Septem
232 3353 385 3417 continuo
410 3353 508 3417 colles
531 3353 733 3418 iuvenescere
756 3375 861 3418 muro.

76 3438 151 3521 lpse
172 3441 284 3504 fauens
307 3442 392 3506 rotis
416 3443 584 3531 solitoque
607 3443 777 3510 decentior
803 3465 877 3525 aar,

68 3524 220 3598 Quamvis
243 3530 382 3598 adsiduo
407 3539 548 3606 noctem
572 3537 778 3606 incusserat
798 3531 932 3611 imbre,
