2438 3832
180 736 345 810 SERIES
373 735 632 810 CARMINUM
659 735 805 809 HUIUS
832 735 1083 809 EDITIONIS

240 873 438 941 NUMEIIIS
463 871 758 939 GESNERIANIS
781 871 965 939 noroslr
984 873 1015 939 S.

122 1172 311 1243 Panegyricus
330 1171 446 1226 Probini
465 1174 494 1226 et
513 1170 622 1241 Olybrii
659 1214 952 1230 .........
1129 1176 1143 1229 Ι

120 1246 153 1298 In
171 1244 302 1298 Rufinum
319 1245 333 1298 I
351 1242 435 1312 praef
434 1284 953 1300 ................
1116 1247 1143 1302 ΙΙ

120 1317 152 1369 In
171 1315 303 1369 Rufinum
321 1317 333 1368 I
375 1355 952 1371 .................
1101 1316 1142 1371 III

120 1385 153 1440 In
171 1386 303 1440 Rufinum
321 1385 346 1437 II
364 1384 448 1453 praef
447 1427 953 1442 ...............
1100 1388 1143 1442 IV

121 1457 153 1509 In
171 1455 303 1509 Rufinum
321 1456 347 1508 II
376 1497 952 1513 .................
1114 1460 1143 1514 V

121 1527 233 1580 Bellum
252 1524 433 1581 Gildonicum
452 1525 465 1577 Ι
485 1567 955 1585 ..............
1088 1531 1143 1585 XV

121 1599 154 1651 ln
172 1597 339 1666 Eutropium
357 1595 371 1649 Ι
412 1638 954 1656 ................
1046 1601 1142 1656 XVIII

121 1669 153 1722 In
172 1667 340 1737 Eutropium
359 1667 385 1721 II
402 1667 486 1736 praef
485 1710 951 1725 ..............
1073 1671 1142 1726 XIX

120 1740 154 1793 In
172 1739 340 1809 Eutropium
358 1739 384 1791 II
411 1781 953 1797 ................
1087 1743 1141 1798 XX

122 1811 298 1865 Fescennina
316 1810 351 1865 de
369 1809 478 1879 nuptiis
497 1807 616 1864 Honorii
634 1809 646 1861 I
660 1852 952 1868 .........
1100 1815 1141 1869 XI

120 1880 297 1937 Fescennina
314 1882 341 1935 II
372 1921 951 1938 .................
1085 1885 1140 1939 XII

120 1951 295 2006 Fescennina
312 1952 352 2005 lII
376 1992 952 2011 .................
1068 1956 1139 2011 XIII

120 2022 296 2078 Fescennina
312 2023 351 2077 IV
373 2064 948 2081 .................
1069 2026 1138 2081 XIV

121 2093 307 2164 Epithalamii
326 2093 360 2147 de
378 2092 485 2162 nuptiis
504 2091 620 2147 Honorii
639 2093 727 2161 praef.
765 2136 948 2152 ......
1097 2098 1137 2154 IX

121 2164 345 2234 Epithalamium
364 2164 398 2217 dc
417 2162 523 2232 nuptiis
542 2162 660 2218 Honorii
694 2208 949 2223 ........
1109 2169 1137 2223 X

121 2236 163 2291 De
181 2236 267 2291 tertio
286 2235 433 2290 consulatu
451 2233 570 2289 Honorii
587 2235 682 2304 praef:
693 2279 948 2294 ........
1100 2241 1141 2312 Ἡ

122 2309 164 2361 De
182 2308 268 2361 tertio
287 2306 436 2361 consulatu
454 2304 572 2360 Honorii
587 2347 951 2365 ...........
1085 2310 1139 2366 VII

121 2380 163 2432 De
182 2379 282 2446 quarto
301 2375 449 2431 consulatu
467 2375 585 2431 Honorii
623 2418 951 2436 ..........
1071 2381 1140 2435 VIII

121 2446 290 2516 Panegyrici
307 2445 408 2500 Manlii
425 2447 565 2502 Theodori
583 2448 667 2516 praef
666 2492 949 2507 .........
1071 2452 1139 2507 XVI

121 2517 312 2588 Panegyricus
331 2517 431 2570 Manlii
449 2516 591 2572 Theodori
624 2562 950 2578 ..........
1058 2523 1141 2578 XVII

121 2590 163 2644 De
183 2588 330 2644 consulatu
350 2587 514 2642 Stilichonis
534 2589 546 2640 I
552 2632 949 2648 ............
1072 2595 1140 2648 XXI

121 2660 163 2715 De
182 2660 331 2715 consulatu
351 2658 515 2715 Stilichonis
534 2659 560 2712 II
588 2703 950 2720 ...........
1059 2666 1140 2720 XXII

121 2732 163 2785 Dc
183 2730 331 2786 consulatu
351 2729 515 2785 Stilichonis
533 2730 572 2784 III
590 2731 674 2800 praef
673 2775 953 2790 .........
1046 2735 1141 2792 XXIII

121 2802 163 2856 De
182 2802 331 2857 consulatu
350 2800 514 2856 Stilichonis
532 2803 571 2855 III
590 2846 952 2861 ...........
1045 2807 1140 2861 XXIV

121 2873 164 2927 De
184 2875 263 2927 sexto
282 2874 430 2927 consulatu
448 2872 566 2927 Honorii
585 2875 665 2943 praef
665 2917 952 2932 .........
1031 2878 1139 2934 XXVII

121 2944 163 2998 De
182 2947 261 2998 sexto
280 2945 428 2998 consulatu
446 2943 564 2998 chorii
589 2988 951 3003 ...........
1018 2947 1138 3004 XXVIII

121 3014 163 3069 De
181 3015 258 3069 bello
276 3014 397 3069 Gothico
415 3016 499 3084 praef
498 3057 953 3074 ..............
1057 3018 1138 3074 XXV

121 3087 162 3141 Dc
182 3085 257 3141 bello
277 3084 396 3140 Gothico
411 3128 951 3146 ................
1046 3089 1138 3145 XXVI

122 3175 145 3212 c.
165 3175 201 3211 m.
220 3159 245 3214 I:
265 3157 309 3211 Ad
328 3155 512 3211 Stilichonem
551 3199 951 3217 ............
1071 3161 1139 3215 XIII

122 3246 144 3283 c.
164 3247 200 3283 m.
220 3229 259 3284 II:
278 3226 438 3297 Descriptio
456 3230 554 3297 portus
572 3228 748 3300 Smyrnensis
769 3272 952 3287 ......
1009 3231 1138 3286 LXXXV

122 3316 145 3355 c.
165 3317 202 3354 m.
221 3297 274 3354 III:
295 3298 339 3352 Ad
357 3299 538 3353 Aeternalem
553 3341 952 3358 ............
1022 3301 1139 3357 LXXXI

123 3387 145 3426 c.
165 3387 201 3423 m.
221 3369 271 3424 IV:
291 3368 451 3440 Descriptio
470 3371 591 3425 armenti
624 3414 951 3428 ..........
1074 3373 1139 3428 LIV

116 3459 138 3496 c.
160 3459 196 3494 m.
222 3440 259 3499 V:
276 3440 331 3497 Est
348 3441 379 3497 In
398 3443 552 3514 conspectu
569 3441 589 3499 1.
607 3441 618 3494 l
622 3483 952 3500 ..........
994 3444 1138 3500 LXXXVI
