2438 3832
102 146 250 218 (XXVIII.)
268 147 526 204 PANEGYRICVS
545 148 593 202 DE
614 148 731 203 SEXTO
751 149 852 206 CONS.
867 150 1030 206 HONORII.
1052 153 1116 216 185

100 309 323 396 Concideram3
348 310 487 394 stipatus
511 310 615 374 adhuc
638 311 846 396 equitumque
870 313 1008 378 catervis

99 397 230 484 Integer
253 398 294 462 ad
315 403 442 463 montes
466 399 591 483 reliquo
615 421 688 464 cum
711 400 827 465 rubore
851 401 942 487 cessi,
1063 418 1114 467 aaa

99 487 187 564 Quos
210 486 439 572 Appenninum
462 489 642 572 perhibent.
688 488 783 553 Hunc
807 511 877 554 0000
900 490 1024 554 ferebat

97 575 222 661 Incola,
246 576 302 659 qui
326 575 471 641 Siculum
493 582 661 662 porrectus
684 579 724 641 ad
747 600 849 661 usque
873 577 1025 642 Pelorum

97 664 235 728 Finibus
259 665 299 728 ab
322 665 479 751 Ligurum
502 665 641 750 populos
666 667 890 750 complectitur
914 690 1024 732 omnes

97 753 214 818 Italiae
238 754 466 839 geminumque
489 756 576 818 latus
600 755 794 841 stringentia
817 756 914 842 longe

97 843 244 925 Vtraque
267 847 422 926 perpetuo
447 843 647 907 discriminat
670 866 809 927 aequora
832 848 947 908 tractu.
1063 861 1114 911 190

98 931 187 996 Ηο00
211 953 270 1017 ego
295 931 484 996 continuum
508 932 537 995 si
559 955 617 1016 per
639 933 716 1019 iuga
739 933 868 997 tendere
892 956 1030 1019 cursum,

98 1020 145 1084 Vt
168 1020 257 1104 prior
279 1019 380 1084 iratae
403 1021 508 1085 fuerat
533 1021 692 1085 sententia
715 1022 825 1106 menti,

98 1108 168 1173 Iam
192 1108 359 1192 desperata
382 1109 558 1173 voluissem
581 1109 665 1194 11100,
710 1109 897 1173 1111111111οῩ

100 1197 259 1263 Omnibus
283 1202 469 1281 oppeterem
491 1198 578 1261 fama
601 1198 722 1261 maiore
745 1199 900 1282 perustis!

98 1286 144 1351 Et
168 1290 253 1350 00110
276 1286 416 1349 moriens
439 1286 572 1370 propius
595 1291 641 1371 te,
664 1287 780 1372 Roma,
804 1287 954 1372 viderem,
1063 1302 1114 1352 100

99 1374 238 1459 Ipsaque
260 1397 317 1458 per
341 1374 444 1438 cultas
469 1379 594 1461 segetes
617 1397 704 1439 mors
727 1380 840 1439 nostra
864 1379 974 1439 secuto

98 1463 227 1528 Victori
250 1462 404 1526 damnosa
426 1464 519 1528 foret.
544 1503 586 1510 —
611 1462 674 1528 Sed
695 1464 834 1551 pignora
855 1463 951 1529 nobis

100 1553 266 1617 Romanus
291 1573 443 1634 carasque
466 1575 568 1617 nurus
591 1552 805 1637 praedamque
828 1554 967 1618 tenebat.
991 1591 1035 1598 -

98 1640 171 1705 Hoc
194 1640 299 1726 magis
322 1645 467 1704 exertum
490 1664 635 1725 raperem
658 1642 853 1706 succinctior
876 1662 999 1729 agmen.

167 1729 268 1814 ‘Heu,
292 1729 409 1813 quibus
429 1729 568 1815 insidiis,
592 1752 656 1813 qua
674 1753 725 1794 110
744 1730 952 1795 circumdedit
971 1734 1039 1794 arte
1064 1747 1116 1796 300

99 1817 222 1881 Fatalis
246 1840 371 1900 semper
394 1817 548 1882 scilicaet
594 1818 681 1883 Dum
703 1841 833 1902 parcere
856 1819 961 1905 fingit,

99 1906 240 1970 Rettulit
263 1906 400 1970 hostiles
424 1907 549 1970 animos
572 1906 758 1990 bellumque
781 1929 927 1972 remenso

99 1994 233 2060 Evaluit
256 1995 431 2058 transferre
454 1994 551 2059 Pado.
597 1995 661 2059 Pro
685 1995 814 2060 foedera
838 2018 932 2061 saevo

99 2083 270 2147 Deteriora
293 2083 386 2168 iugo!
423 2087 501 2147 tunc
524 2082 573 2148 vis
598 2083 739 2147 extincta
764 2084 934 2170 Getarum3

100 2171 190 2235 Tunc
213 2171 307 2255 mihi,
334 2174 413 2235 tunc
435 2171 537 2235 letum
559 2171 677 2258 pepigi.
723 2172 909 2237 Violentior
932 2173 1030 2236 011110
1063 2189 1115 2239 aot

100 2258 259 2324 Omnibus
283 2264 447 2345 expugnat
468 2264 616 2324 nostram
639 2260 808 2325 clementia
830 2265 970 2348 gentem,

100 2348 189 2412 Mars
212 2348 342 2434 gravior
365 2349 425 2412 sub
449 2370 527 2431 pace
549 2349 643 2433 latet,
667 2349 840 2433 capiorque
862 2350 1006 2414 vicissim

98 2436 281 2500 Fraudibus
303 2436 373 2520 ipse
395 2437 484 2501 meis.
531 2435 610 2512 Quis
633 2437 698 2502 iam
722 2439 842 2503 solacia
865 2439 951 2504 fesso

102 2523 322 2590 Consiliumve
347 2525 458 2589 dabit?
504 2523 618 2591 Sooius
642 2528 822 2610 suspectior
844 2528 947 2592 hoste.

167 2612 291 2697 ‘Atque
314 2613 440 2677 utinam
464 2619 597 2678 cunctos
619 2615 764 2679 licuisset
786 2617 919 2700 perdere
941 2616 1041 2681 bellot
1065 2632 1117 2681 010

100 2701 186 2767 Nam
211 2701 359 2785 quisquis
383 2701 462 2766 duro
487 2703 601 2767 cecidit
625 2705 811 2790 certamine,
833 2727 1011 2788 numquam

99 2790 228 2854 Desinit
251 2813 321 2854 esse
343 2813 442 2855 meus.
488 2790 605 2855 Melius
628 2814 781 2857 mucrone
803 2793 955 2877 perirent,
1071 2847 1072 2850 1

99 2878 315 2962 Auferretque
338 2879 418 2942 mihi
440 2879 532 2942 luctu
554 2879 673 2945 leviore
697 2880 823 2945 sodales

99 2967 196 3031 Victa
218 2990 333 3032 manus
357 2990 453 3051 quam
476 2967 563 3031 laesa
586 2968 674 3032 fides.
719 2968 881 3034 Nullusne
905 2971 1058 3035 clientum

98 3056 292 3121 Permanet?
316 3056 430 3121 offensi
453 3056 600 3141 comites,
624 3057 718 3121 odere
741 3059 923 3142 propinqui.
1064 3075 1115 3125 alo

101 3144 184 3221 Quid
207 3168 316 3209 moror
337 3145 475 3209 invisam
498 3145 627 3209 lucem?
651 3168 714 3229 qua
738 3147 811 3211 sede
834 3148 1005 3212 recondam

98 3233 272 3320 Naufragii
295 3234 477 3321 fragmenta
499 3234 585 3298 mei?
609 3256 729 3317 quaeve
753 3258 829 3300 arva
852 3236 1022 3322 requiram,

99 3321 139 3386 ln
162 3323 280 3407 quibus
303 3323 390 3386 haud
412 3345 565 3406 umquam
589 3321 725 3388 Stilicho
751 3325 951 3409 nimiumque
972 3327 1116 3410 potentis

99 3410 213 3476 Italiac
235 3434 354 3476 nomen
375 3416 505 3477 nostras
529 3412 743 3478 circumsonet
766 3414 897 3478 aures‘l'
1063 3433 1114 3480 319

168 3501 257 3565 Haec
277 3523 459 3566 memorans
482 3502 625 3566 instante
647 3501 759 3588 fugam
778 3500 956 3569 Stilichone
978 3505 1120 3568 tetendit
