2438 3832
112 153 174 217 198
432 152 580 209 oanvnn
598 154 800 212 CLAVDIANI

109 314 272 403 Iustitiae,
296 337 376 401 quas
400 320 475 380 ante
497 339 591 400 pares
614 318 762 383 effecerat
784 340 849 384 una
1092 340 1130 389 40

108 404 205 470 Nube
227 405 335 470 timor.
371 403 441 469 Tua
461 427 523 470 nos
546 407 676 493 urgenti
700 407 830 472 demere
852 408 919 472 loto

107 492 255 580 Eripuit,
277 494 438 578 tectisque
461 495 529 559 suis
551 495 729 560 redduntur
751 500 783 561 et
807 497 895 584 agris

107 581 262 647 Damnati
285 583 353 648 fato
376 583 505 669 populi,
527 584 648 649 virtute
670 585 784 650 renati.

107 669 176 735 Iam
198 694 266 736 non
289 672 324 737 in
345 694 498 756 pecorum
521 695 643 738 morem
665 673 839 739 formidine
862 674 965 740 clausi

105 759 328 845 Prospioimus
352 783 464 826 saevos
488 761 610 846 eampis
634 762 822 827 ardentibus
846 763 939 851 ignes
1090 784 1127 833 45

105 846 185 914 Alta
207 871 266 914 nee
289 850 422 914 incertis
445 851 598 916 metimur
620 851 754 916 fiumina
776 853 863 917 votis

103 935 242 1002 Excidio
266 939 373 1003 latura
395 961 520 1003 moram
541 962 601 1004 nee
623 941 788 1024 poscimus
811 963 921 1006 amnes

102 1024 270 1091 Vndosam
293 1049 420 1093 servare
442 1028 539 1092 fidem
560 1029 703 1094 nubesve
726 1029 858 1116 sugaoes

103 1112 172 1180 Aut
196 1115 400 1181 coniuratum
424 1117 588 1200 querimur
612 1117 778 1202 splendere
802 1141 957 1185 serenum.

169 1202 245 1289 Ipsa
268 1228 397 1290 quoque
420 1206 557 1270 internis
580 1207 675 1270 furiis
699 1207 840 1272 exercita
862 1208 968 1292 plebis
1088 1229 1125 1279 50

104 1291 238 1358 Securas
262 1294 328 1358 iam
350 1295 454 1359 Roma
477 1295 548 1360 leva
571 1294 781 1380 tranquillior
803 1318 906 1383 arees3

102 1379 221 1469 Surge,
243 1405 371 1468 precor,
393 1383 573 1449 veneranda
595 1406 726 1470 parem,
750 1389 782 1449 et
806 1389 892 1450 certa
917 1387 1067 1453 secundis

102 1469 182 1534 Fide
205 1471 287 1557 deis,
310 1471 530 1556 humilemque
552 1476 675 1537 metum
699 1473 821 1558 depone
845 1478 999 1541 senectae.

99 1558 187 1622 Vrbs
211 1581 372 1644 aequaeva
394 1561 579 1647 p010,tum
602 1562 730 1627 demum
752 1563 856 1627 ferrea
879 1568 985 1629 sumet

99 1645 155 1711 Ius
178 1648 213 1711 in
235 1653 268 1712 te
290 1648 458 1736 Lachesis,
481 1672 554 1714 eum
578 1651 625 1714 sie
648 1651 822 1715 mutaverit
845 1674 938 1716 axem
1085 1671 1122 1723 ss

98 1735 297 1803 Foederibus
319 1743 437 1803 natura
459 1739 570 1825 novis,
592 1743 630 1803 ut
653 1739 786 1804 flumine
808 1762 902 1805 verso

99 1823 225 1913 Inriget
247 1826 435 1915 Aegyptum
458 1827 590 1912 TanaiS,
613 1827 776 1892 Maeotida
799 1827 911 1916 Nilus,

98 1913 207 1979 Eurus
231 1917 271 1979 ab
296 1939 427 2002 ooeasu,
450 1916 617 2000 Zephyrus
642 1938 676 1980 se
697 1921 826 2001 promat
850 1918 890 1981 ab
914 1916 1005 1984 Indis

100 2003 330 2088 Caucasiisque
353 2005 440 2092 iugis
465 2004 569 2069 calido
592 2005 800 2092 nigrantibus
823 2003 946 2070 Austro

100 2091 253 2157 Gaetulas
276 2092 398 2177 Aquilo
422 2094 525 2181 glaeie
550 2093 753 2180 constringat
775 2094 920 2161 harenas.
1081 2115 1120 2166 ao

162 2180 292 2247 Fatales
315 2183 482 2266 hueusque
504 2204 633 2268 manus,
657 2182 842 2266 crebrisque
864 2187 997 2249 notatae

96 2269 259 2357 Prodigiis
283 2271 390 2335 abiere
412 2271 527 2336 minae,
563 2270 633 2336 Nee
657 2271 762 2335 sidera
785 2293 896 2355 paoem

98 2356 231 2442 Semper
252 2359 387 2445 habent,
410 2360 582 2442 ipsumque
604 2358 715 2425 Iovem
738 2360 891 2425 turbante
914 2359 1086 2451 Typhoeo,

97 2445 133 2511 Si
156 2447 206 2510 fas
230 2451 292 2533 est,
315 2448 486 2511 tremuisse
509 2447 631 2533 ferunt,
655 2470 728 2512 oum
751 2449 884 2512 brachia
907 2454 1037 2516 eentum

96 2535 266 2600 Montibus
289 2540 428 2601 armaret
451 2536 588 2600 totidem
612 2537 796 2620 spiramque
819 2541 1009 2622 retorquens
1081 2559 1118 2609 65

96 2624 267 2689 Lamberet
291 2626 447 2689 attonitas
471 2625 587 2689 erectis
610 2625 772 2712 anguibus
795 2625 922 2692 Arctos.

98 2711 183 2790 Quid
205 2713 337 2800 mirum,
361 2714 390 2778 si
413 2736 512 2800 regna
535 2713 630 2778 labor
651 2715 803 2779 mortalia
825 2720 934 2802 vexat,

97 2800 178 2867 Cum
201 2803 324 2889 gemini
346 2804 477 2889 fratres,
501 2803 614 2890 genuit
638 2825 720 2886 quos
744 2825 838 2887 asper
860 2802 996 2891 Aloeusr,

95 2889 235 2956 Martem
258 2892 460 2957 subdiderint
483 2892 599 2956 vinclis
623 2895 655 2956 et
678 2892 714 2956 in
737 2896 825 2956 astra
846 2897 982 2980 negatas

96 2979 298 3065 Temptarint
321 2982 446 3046 munire
469 2980 540 3045 vias
564 2981 754 3064 steteritque
777 2981 915 3047 revulsis
1080 3003 1116 3053 το

93 3069 199 3134 Paene
222 3071 329 3134 tribus
353 3070 495 3155 seopulis
520 3070 650 3134 caelesti
672 3070 821 3135 maehina
844 3071 956 3135 bello?

96 3156 160 3224 Sed
183 3163 269 3223 earet
293 3163 409 3224 eventu
431 3159 552 3223 nimius
575 3159 679 3245 turor3
701 3159 850 3243 improba
872 3182 1051 3245 numquam

97 3245 177 3331 Spes
200 3248 321 3312 laetata
345 3248 412 3334 diu,
435 3270 495 3312 neo
517 3270 689 3333 pervenere
711 3249 860 3313 iuventae

88 3333 208 3400 Robur
228 3335 380 3401 Aloidae:
405 3338 480 3402 dum
503 3338 621 3401 vellere
643 3336 759 3401 Pelion
782 3336 865 3402 Otus

68 3419 220 3512 Mtr'tur,
248 3427 408 3495 occubuit
432 3427 587 3516 Phoebo,
607 3426 816 3509 moriensque
830 3426 1007 3508 hpmaltes
1077 3447 1114 3495 aa

50 3505 98 3572 ΙΙ]
118 3510 219 3580 latus
246 3518 433 3608 obliquam
455 3520 609 3612 proieoit
627 3514 814 3605 languidus
834 3510 966 3576 Qsm
