2438 3832
119 181 185 248 310
222 179 420 236 salvaram
438 178 547 235 canu.
566 137 644 234 mr.
662 177 857 247 mearam,
877 177 1102 235 0.xx1-xn11.

121 343 289 409 Permutat
312 342 462 427 lymphas
485 342 520 406 in
541 340 617 406 vina
639 340 797 423 liquentia
822 340 984 426 Christus,
1121 359 1138 408 5

165 432 235 510 Quo
257 432 398 516 primum
421 431 508 495 facte
532 452 566 494 se
589 429 707 514 probat
730 451 800 494 esse
823 429 926 495 deum.

120 520 267 604 Quinque
291 521 421 605 explent
443 541 556 605 panes,
578 519 683 602 pisees
707 517 883 583 duomilia
907 518 1050 603 quinque

166 609 211 674 Et
235 610 312 674 deus
336 631 375 674 ex
397 630 497 693 parvo
523 608 598 692 plus
621 629 788 692 superesse
810 607 909 673 iubet.

118 698 236 764 Editus
260 720 299 763 ex
321 702 414 764 utero
438 718 550 762 eaeeus
572 718 657 761 nova
680 696 802 761 lumina
826 696 924 762 sentit

162 787 207 852 Et
231 790 340 871 stupet
362 786 512 874 ignotum
535 807 569 850 se
591 785 746 850 meruisse
769 784 861 850 diem.
1103 804 1138 853 10

117 876 257 940 Lazarus
281 898 298 939 e
321 876 447 941 tumulo
473 874 602 940 Christe
626 874 820 939 inclamante
843 875 984 962 resurgit

163 965 207 1029 Et
232 964 329 1029 durae
351 964 468 1030 mortis
491 964 543 1029 lex
566 964 710 1028 resoluta
732 963 824 1047 perit.

116 1052 296 1119 Nutantem
319 1053 425 1138 quatit
447 1052 533 1117 unda
554 1053 701 1138 Petrum,
725 1051 776 1116 eui
800 1051 950 1117 Christus
972 1052 1008 1117 in
1030 1054 1098 1119 alte

161 1143 207 1207 Et
230 1143 342 1207 dextra
364 1164 496 1229 gressus
518 1143 627 1206 firmat
650 1145 683 1205 et
706 1163 761 1205 ere
784 1140 888 1206 fidem.

116 1231 285 1318 Exanguis
310 1231 431 1297 Christi
455 1230 615 1316 contingit
638 1229 757 1294 femina
779 1234 915 1296 vestem:
1103 1247 1136 1297 15

162 1319 235 1384 Stat
259 1341 353 1384 cruor
375 1320 411 1384 in
432 1319 536 1404 venis,
559 1320 597 1383 fit
619 1318 777 1383 medicina
800 1319 888 1384 fides.

118 1406 230 1473 Iussus
253 1412 328 1492 post
351 1409 473 1473 multos
496 1407 644 1494 graditur
666 1407 865 1492 paralyticus
888 1430 990 1474 annos

163 1494 374 1583 (Mirandum)
398 1497 502 1561 leatus
524 1496 665 1580 portitor
687 1495 757 1580 ipse
780 1496 839 1562 sui.

584 1670 669 1726 XXII.

116 1778 245 1843 Marcus
269 1800 380 1844 amans
403 1801 539 1864 puerum
560 1782 675 1844 natum
696 1779 853 1844 mentitur
875 1802 981 1845 amare

160 1867 305 1950 Vultque
328 1872 420 1951 pater
443 1868 506 1933 diei
525 1867 656 1933 nescius
680 1889 750 1932 esse
772 1873 866 1952 pater

115 1955 161 2020 Et
183 1956 304 2039 pietate
325 1956 417 2020 nefas
441 1961 473 2021 et
496 1979 638 2022 amorem
660 1956 747 2022 velat
770 1979 886 2022 amore.

161 2043 201 2110 Se
224 2045 328 2128 pietas
350 2045 499 2110 umbram
522 2045 663 2110 criminis
687 2067 756 2111 esse
780 2046 876 2111 delet.

119 2133 227 2198 ‘Nate'
251 2134 317 2198 dies
341 2134 445 2220 audit,
467 2156 533 2199 nox
556 2138 588 2199 et
610 2138 702 2199 torus
725 2135 816 2200 audit
839 2136 972 2221 ‘amice'‚
1119 2153 1136 2202 5

159 2222 204 2286 Et
227 2245 286 2306 pre
309 2224 510 2307 temporibus
533 2223 665 2288 nemina
687 2228 793 2288 mutat
816 2225 854 2289 ei.

116 2310 236 2396 Stulte⁷
259 2312 337 2395 quid
359 2313 474 2399 ignaro
496 2335 564 2377 non
586 2312 664 2377 dicit
687 2311 828 2397 Cynthia
850 2312 967 2378 fratri?

160 2399 210 2466 Ne
234 2400 343 2465 credas
366 2401 454 2465 noeti
479 2400 576 2487 digna
598 2401 699 2466 latere
723 2401 819 2467 diem!

116 2667 178 2744 Qui
201 2670 294 2751 pater
317 2669 380 2752 est,
403 2666 479 2731 huie
501 2666 589 2731 filius
613 2671 670 2732 est.
705 2666 881 2732 alumine
903 2669 1008 2753 primo

157 2756 262 2821 Filius
285 2779 304 2820 a
326 2755 479 2821 thalamis
501 2755 615 2840 incipit
639 2777 708 2821 esse
730 2779 818 2840 puer.
1100 2777 1134 2826 10

185 2949 251 3004 XXI
269 2956 285 3005 9
310 2948 409 3022 sentit]
428 2950 555 3019 Batiam
578 2948 674 3005 sensit.
747 2949 861 3004 XXIlt
884 2950 976 3022 torus]
996 2952 1133 3022 Biuetua;

114 3023 200 3076 totus.
275 3028 290 3076 9
310 3020 428 3092 lumine]
448 3022 636 3088 Patissoaius;
653 3019 759 3075 limine.

515 3310 728 3317 ——..·—-——
