2438 3832
276 146 344 216 (111.)
354 146 403 236 ,11
421 146 590 201 avnruvn
608 145 880 203 1111111111.
1043 149 1080 212 11

422 419 477 492 IN
503 419 727 492 RVPINVM

491 599 612 658 LIBER
635 601 657 659 Ι.

535 734 608 803 (111.)

134 840 235 926 Saepe
258 841 339 906 mihi
364 841 496 905 dubiam
518 842 619 905 traxit
643 844 803 908 sententia
826 848 966 908 mentem

67 928 225 998 Curarent
248 930 356 1015 superi
379 935 481 994 terras
504 952 548 995 an
569 931 679 995 nullus
703 932 823 996 inesset

66 1017 187 1082 Reetor
210 1022 241 1083 et
264 1019 387 1083 incerto
410 1020 547 1083 fluerent
570 1020 722 1083 mortalia
745 1042 829 1085 casu.

64 1104 151 1171 Nam
175 1128 248 1170 eum
271 1107 422 1191 dispositi
445 1107 643 1190 quaesissem
666 1108 795 1172 foedera
817 1109 929 1173 mundi

65 1194 352 1279 Praeseriptosque
374 1195 457 1260 mari
480 1197 560 1260 fines
584 1196 742 1279 annisque
764 1201 890 1261 meatus
1065 1217 1082 1264 5

64 1283 110 1347 Et
134 1283 217 1347 lueis
239 1284 408 1367 noctisque
430 1284 531 1348 vices:
554 1288 632 1348 tuna
655 1285 764 1349 omnia
786 1286 881 1350 rebar

65 1371 212 1436 Consilio
235 1373 363 1437 firmata
386 1372 451 1458 dei,
475 1373 531 1456 qui
553 1373 625 1460 lege
648 1374 769 1439 moveri

65 1459 192 1546 Sidera,
215 1461 271 1543 qui
294 1462 404 1548 fruges
428 1461 555 1526 diverso
577 1465 723 1546 tempore
745 1463 845 1548 nasei,

63 1548 128 1624 Qui
151 1549 275 1613 variam
296 1548 449 1614 Phoeben
471 1550 577 1615 alieno
601 1550 734 1616 iusserit
757 1552 827 1638 igni

63 1636 228 1722 Compleri
251 1636 422 1721 Solemque
445 1660 518 1724 suo,
540 1639 721 1723 porrexerit
743 1641 839 1704 undis
1048 1659 1080 1707 10

61 1725 190 1811 Litora,
213 1726 362 1791 tellurem
385 1727 490 1791 medio
513 1727 682 1792 libraverit
705 1750 772 1794 axe.

62 1813 128 1878 Sed
151 1836 224 1878 aum
246 1836 297 1878 res
320 1814 489 1880 hominum
511 1819 603 1880 tanta
627 1817 765 1903 caligine
788 1817 876 1882 volvi

60 1901 273 1986 Adspicerem
295 1904 462 1987 laetosque
485 1904 541 1968 diu
563 1905 677 1969 florere
699 1910 852 1970 nocentes

61 1991 248 2075 Vexarique
270 1992 353 2077 pios,
375 2014 487 2056 rursus
511 1991 671 2057 labefacta
694 1994 828 2059 sedebat

61 2078 207 2167 Relligio
231 2102 408 2163 causaeque
430 2080 517 2144 viam
538 2103 606 2145 non
629 2086 743 2166 sponte
767 2083 924 2166 sequebar
1047 2103 1079 2150 11

62 2167 225 2253 Alterius,
247 2190 348 2233 veeuo
372 2190 454 2251 quae
478 2190 604 2233 eurrere
627 2171 750 2234 semina
772 2175 864 2235 motu

62 2254 226 2320 Adfirmat
248 2278 465 2343 magnumque
487 2279 588 2322 novas
611 2279 669 2341 per
691 2258 787 2322 inane
809 2260 931 2346 figuras

62 2343 223 2430 Fortuna,
244 2367 312 2410 non
333 2349 403 2410 arte
425 2346 508 2432 regi,
532 2368 614 2429 quae
635 2347 770 2411 numina
793 2369 889 2413 sensu

63 2432 231 2519 Ambiguo
253 2433 306 2497 vel
327 2433 418 2498 nulla
440 2438 536 2518 putat
558 2434 611 2499 vel
632 2435 741 2500 nescia
763 2437 877 2502 nostri.

62 2521 214 2586 Abstulit
236 2521 322 2586 huno
343 2521 474 2586 tandem
496 2523 609 2587 Rufini
630 2545 734 2608 poena
756 2527 934 2591 tumultum
1046 2547 1080 2595 20

62 2609 282 2693 Absolvitque
306 2609 390 2676 deos.
435 2609 505 2674 Iam
527 2633 595 2676 non
618 2612 658 2675 ad
681 2612 822 2678 eulmina
844 2636 952 2680 rerum

63 2697 210 2763 Iniustos
233 2699 372 2763 crevisse
395 2720 526 2785 queror3
548 2700 711 2765 tolluntur
733 2701 768 2766 in
791 2702 902 2788 altum,

62 2787 110 2851 Vt
134 2788 228 2871 lapsu
250 2787 399 2874 graviore
422 2792 527 2854 ruant.
571 2788 641 2852 Vos
663 2790 796 2874 pandite
818 2793 896 2877 vati,

62 2876 223 2961 Pierides,
246 2898 310 2959 quo
334 2881 426 2941 tanta
448 2877 518 2941 lues
541 2878 683 2961 eruperit
707 2883 789 2944 ortu.

131 2963 276 3029 Invidiae
299 2965 462 3049 quondam
484 2966 627 3030 stimulis
650 2966 818 3033 incanduit
841 2973 934 3035 atrox
1046 2989 1080 3037 15

61 3052 207 3139 Allecto,
228 3054 373 3138 placidas
395 3055 461 3119 late
484 3076 557 3119 eum
580 3060 723 3121 cerneret
746 3058 850 3122 urbes.

60 3141 220 3207 Protinus
243 3143 385 3207 infernas
409 3143 450 3208 ad
471 3143 585 3209 limina
608 3147 713 3208 taetra
736 3167 863 3211 sorores

64 3230 250 3296 Concilium
273 3232 414 3296 deforme
437 3237 540 3297 vocat.
587 3232 816 3299 Glomerantur
839 3235 874 3299 in
896 3258 995 3300 unum

61 3317 255 3384 Innumerae
276 3325 385 3405 pestes
407 3321 520 3407 Erebi,
545 3342 762 3406 quascumque
786 3323 920 3387 sinistro

967 896 976 929 7

135 3517 152 3566 1
172 3511 321 3586 annisque]
342 3514 491 3583 Heinsioa;
509 3512 646 3585 annique,
666 3513 822 3586 amnisque.
