2438 3832
101 206 102 210 ,
125 140 167 204 72
455 139 600 196 CLAVDII
619 140 816 196 CLAVDIANI

123 302 283 386 Principis
307 308 340 368 et
362 303 520 369 famulum
543 304 695 391 dignatur
716 304 806 391 regia
827 308 960 387 patrem.

76 471 78 473 Ι
123 392 316 478 Posteritas,
339 393 473 458 admitte
496 394 607 458 fidem:
630 396 838 480 monumenta
860 395 1015 476 petuntur
1107 409 1144 458 70

124 480 297 545 Dedecoris
320 483 495 565 multisque
518 487 652 569 gemunt
673 481 844 553 incudibus
867 483 940 545 aera

123 569 316 634 Formatura
338 571 438 637 nefas.
484 571 573 636 Haec
592 571 723 656 iudicis,
746 570 803 635 illa
825 571 946 656 togati,

64 727 74 746 Ι,
124 657 213 722 Haec
234 659 318 723 nitet
342 660 457 724 armati
481 661 615 745 species3
637 678 828 724 numerosus
851 659 970 741 ubique
1066 719 1070 725 .

124 746 242 832 Fulget
266 769 376 831 eques:
399 750 541 832 praefert
564 748 702 813 eunuchi
726 748 813 826 curia
836 748 954 812 tultus.

125 834 174 899 Ac
196 835 297 900 veluti
321 842 454 902 caveant
476 859 517 901 ne
541 859 605 921 quo
630 837 804 914 consistere
826 837 930 900 virtus
1107 853 1144 901 75

124 924 234 988 Possit
256 947 336 1008 pura
359 925 456 1010 locos
469 930 600 991 cunctas
622 925 685 990 hoc
708 948 762 989 ore
785 925 937 989 laborant

53 1037 56 1042 ·
125 1010 287 1077 Incestare
310 1014 387 1078 vias.
433 1014 586 1080 Maneant
602 1015 732 1080 'inmota
753 1036 921 1098 precamur

127 1101 284 1185 Certaque
307 1104 454 1187 perpetui
478 1104 543 1169 sint
567 1107 756 1190 argumenta
779 1103 920 1187 pudoris.

64 1237 69 1246 -
126 1189 245 1255 Subter
267 1191 435 1257 adulantes
458 1193 547 1259 tituli
568 1193 749 1276 nimiaeque
774 1193 928 1278 leguntur
1035 1247 1038 1251 ,

44 1317 46 1320 -
125 1278 188 1343 Vel
209 1281 354 1344 maribus
377 1281 500 1368 laudes:
524 1282 611 1345 claro
636 1281 721 1364 quod
743 1281 864 1345 nobilis
888 1283 962 1344 ortu
1107 1297 1144 1346 80

126 1366 223 1453 (Cum
246 1369 357 1433 vivant
380 1368 538 1456 dominil),
562 1370 648 1452 quod
670 1368 955 1453 maxima'proelia
978 1368 1068 1433 solus

125 1455 264 1539 Impleat
288 1455 334 1544 (et
356 1458 480 1541 patitur
503 1456 638 1544 milesl),
662 1458 748 1541 quod
770 1459 887 1522 tertius
910 1457 1000 1521 urbis

128 1544 284 1608 Conditor
308 1543 384 1632 (hoc
406 1546 511 1629 Byzas
536 1544 831 1630 Constantinusque
853 1544 1043 1632 videbantl).

125 1631 215 1697 Inter
238 1655 319 1716 quae
342 1634 485 1698 tumidus
507 1635 581 1699 leno
604 1634 778 1718 producere
802 1657 896 1699 cenas
1100 1705 1103 1711 ,

126 1721 166 1786 In
188 1722 305 1807 lucem,
328 1723 448 1788 foetere
471 1745 573 1806 mere,
596 1719 778 1810 dispergere
800 1724 951 1807 plausum
1107 1740 1144 1789 85
1207 1777 1210 1785 .

126 1811 304 1895 Empturas
326 1812 361 1875 in
382 1812 501 1898 vulgus
524 1833 615 1896 opes,
638 1816 789 1895 totosque
812 1811 948 1876 theatris

127 1898 298 1986 Indulgere
321 1900 401 1985 dies,
425 1900 521 1965 alieni
544 1900 699 1986 prodigus
723 1901 800 1965 auri

127 1987 173 2052 At
197 2010 289 2052 soror
312 1993 357 2074 et,
380 1989 409 2052 si
432 1989 509 2072 quid
531 1989 692 2072 portentis
715 1989 868 2072 creditur,
891 2010 973 2052 uxor

127 2075 292 2144 Mulcebat
314 2081 433 2142 matres
457 2079 560 2162 epulis
584 2082 616 2142 et
639 2099 728 2142 more
750 2077 884 2160 pudicae

44 2173 46 2177 ’
98 2163 284 2253 Coniugis
307 2160 445 2232 eunuchi
468 2167 652 2232 celebrabat
674 2170 750 2231 vota
775 2165 892 2229 mariti.
1108 2184 1145 2232 sc

128 2254 221 2319 Hanc
244 2260 345 2341 amat,
368 2255 451 2320 hanc
475 2278 599 2320 summa
623 2255 660 2318 de
684 2277 718 2319 re
740 2255 792 2318 vel
814 2276 892 2337 pace
915 2253 967 2317 vel
990 2255 1088 2318 armis

130 2341 292 2428 Consulit,
314 2344 390 2408 huic
413 2365 505 2407 curas
529 2343 561 2407 e't
584 2344 693 2408 clausa
715 2343 837 2426 palatia
859 2343 990 2406 mandat

130 2430 197 2496 Ceu
220 2433 385 2496 stabulum
406 2453 603 2515 vacuamque
627 2432 765 2496 domum.
812 2430 865 2495 Sic
887 2452 1005 2517 magna
1027 2433 1112 2497 tueri

128 2520 242 2606 Regna
265 2520 347 2584 nihil
369 2519 559 2604 patiensque
582 2521 651 2607 iugi
675 2520 836 2584 deluditur
859 2520 970 2583 orbis?

195 2608 308 2673 Mitior
330 2609 491 2673 alternum
513 2608 652 2693 Zephyri
674 2608 739 2673 iam
762 2610 877 2672 bruma
899 2613 1043 2692 teporem
1109 2625 1145 2674 95

130 2698 281 2763 Senserat
304 2701 336 2762 et
358 2698 455 2780 primi
477 2698 630 2762 laxabant
654 2698 798 2783 germina
821 2698 930 2782 flores,
962 2708 966 2715 '
1160 2707 1165 2713 “

128 2786 262 2870 Iamque
284 2787 347 2850 iter
368 2786 403 2849 in
425 2786 548 2872 gremio
571 2787 660 2870 pacis
684 2786 838 2851 sollemne
861 2786 1019 2869 parabant

60 2942 63 2948 ,
128 2875 181 2940 Ad
203 2897 326 2960 muros,
349 2873 492 2960 Ancyra,
515 2878 604 2959 tuos,
627 2880 757 2939 auctore
780 2880 943 2958 repertum

97 2969 100 2974 ⁴
128 2965 303 3049 EutropiO,
325 2964 432 3049 pelagi
454 2987 495 3028 ne
518 2964 623 3028 taedia
646 2964 745 3050 longa
769 2964 927 3048 subirent,

130 3052 193 3118 Sed
215 3075 297 3139 vaga
320 3053 449 3117 lascivis
472 3054 585 3117 flueret
608 3053 806 3117 discursibus
830 3056 948 3117 aestas:
1096 3070 1148 3117 100

128 3141 222 3206 Vnde
245 3147 354 3206 tamen
375 3146 467 3206 tanta
491 3141 645 3205 sublimes
668 3142 753 3206 mole
775 3142 935 3225 redibant,

131 3230 197 3295 Ceu
220 3231 346 3294 vinctos
369 3230 535 3295 traherent
557 3229 669 3294 Medos
692 3230 871 3313 Indumque
894 3230 1062 3293 bibissent.

130 3319 215 3384 Ecce
239 3323 347 3383 autem
369 3319 462 3383 flavis
487 3317 644 3382 Gradivus
668 3319 708 3382 ab
732 3340 833 3402 usque
858 3317 989 3383 Gelonis

130 3408 218 3473 Arva
242 3412 409 3472 cruentato
432 3407 598 3491 repetebat
621 3408 758 3471 Thracia
781 3430 889 3471 curru:

129 3497 311 3562 Subsidunt
333 3497 486 3582 Pangaea
505 3497 587 3561 rotis
610 3497 757 3580 altaeque
782 3518 899 3560 sonoro
1096 3511 1148 3561 105
