2438 3832
287 162 395 221 CARM.
415 163 492 220 MIN.
511 164 589 218 XXX
607 163 712 234 (LAvs
731 163 917 235 SERENAE).
1042 165 1109 228 243

101 327 146 391 Το
168 331 261 410 pater
284 327 441 410 amplexu.
479 317 646 403 Quotiens
659 326 699 390 ad
722 326 834 390 limina
856 327 1004 410 princeps

101 416 301 480 Theodosius
323 416 470 500 privatus
493 415 597 479 adhuc
619 415 761 479 fraterna
783 415 922 502 veniret,

101 503 219 568 Oscula
241 504 366 569 libabat
389 509 485 588 teque
509 504 549 567 ad
572 525 630 567 sua
653 507 738 568 tecta
761 503 885 568 ferebat

98 593 241 679 Laetior,
264 593 299 656 in
321 597 457 657 matrem
479 593 598 657 teneris
623 614 776 657 conversa
799 592 963 675 querellis:
1060 611 1110 660 100

99 681 196 758 <Quid
218 704 269 745 me
292 681 330 745 de
352 682 493 766 propriis
517 682 641 746 auferre
663 681 875 766 penatibus?'
897 682 1021 765 inquis:

99 770 252 854 ‘imperat
275 770 328 835 hic
352 771 504 854 semperl’
540 769 713 856 Praesagia
736 771 857 834 luserat
881 792 969 835 error

99 859 143 924 Et
167 859 254 922 dedit
276 860 448 946 augurium
470 859 579 945 regnis
600 859 738 923 infantia
760 859 898 945 linguae.

102 947 264 1012 Defuncto
288 949 433 1033 genitore
456 943 513 1011 tuo
537 947 685 1011 sublimis
708 948 841 1032 adoptat

100 1036 144 1100 Te
166 1040 302 1119 patruus
325 1036 497 1122 magnique
521 1036 628 1100 animo
652 1036 771 1100 solacia
793 1036 900 1100 luctus
1059 1055 1110 1103 105

100 1125 287 1189 Restituens
310 1125 444 1208 propius
469 1146 566 1207 quam
589 1125 617 1188 si
639 1125 803 1210 genuisset
826 1125 945 1189 amavit

100 1213 254 1277 Defrmcti
276 1213 386 1277 fratris
410 1213 569 1299 subolem,
591 1235 650 1276 nec
673 1213 776 1278 carior
799 1213 900 1292 olim,

100 1302 215 1366 Mutua
236 1302 378 1366 Ledaeos
402 1302 545 1366 devinxit
568 1324 643 1366 cura
665 1301 824 1366 Lacones:

100 1389 234 1455 Addidit
257 1395 289 1455 ct
311 1391 443 1475 proprio
466 1412 619 1477 germana
640 1390 797 1456 vocabula
821 1394 898 1455 nato

102 1480 234 1563 Quaque
259 1480 353 1544 datur
374 1480 485 1544 fratris
509 1480 647 1563 speciem
670 1480 732 1544 sibi
754 1480 858 1543 reddit
882 1479 1031 1564 adempti.
1062 1497 1111 1545 110

100 1569 247 1652 Denique
270 1591 471 1633 cumrerum
495 1591 635 1632 summas
658 1569 779 1633 electus
801 1569 944 1632 habenas

102 1657 298 1743 Susciperet,
320 1680 387 1722 non
410 1662 484 1722 ante
508 1658 575 1721 suis
597 1657 736 1722 intendit
759 1679 900 1722 amorem

101 1746 297 1832 Pignoribus
321 1768 417 1829 quam
440 1750 472 1810 te
495 1747 616 1829 pariter
638 1746 798 1829 fidamque
822 1768 964 1810 sororem

100 1835 193 1899 Litus
217 1835 257 1898 ad
279 1834 386 1898 Eoum
408 1835 504 1898 terris
527 1835 643 1898 acciret
665 1834 805 1899 Hiberis.

100 1924 268 1988 Deseritur
290 1923 355 1986 iam
377 1923 447 2005 ripa
469 1922 551 2008 Tagi
573 1922 775 2007 Zephyrique
798 1923 918 1988 relictis
1062 1940 1113 1989 115

103 2012 239 2076 Sedibus
264 2011 407 2075 Aurorae
430 2010 568 2074 famulas
591 2016 783 2095 properatur
805 2011 846 2074 ad
867 2011 972 2076 urbes.

169 2100 324 2164 incedunt
347 2099 492 2185 geminae
514 2099 623 2183 proles
646 2100 787 2163 fraterna
809 2101 948 2184 puellae:

102 2188 179 2252 Inde
203 2188 321 2252 Serena
344 2187 462 2272 minor,
484 2187 574 2270 prior
595 2188 672 2251 hinc
694 2187 900 2251 Thermantia
921 2192 1015 2273 natu,

102 2278 260 2359 Expertes
283 2275 431 2359 thalami,
455 2298 591 2359 quarum
616 2275 784 2360 Cythereia
806 2276 942 2339 necdum

104 2364 170 2429 Sub
193 2365 270 2450 ipga
294 2365 431 2428 cervices
453 2365 563 2429 niveas
585 2364 790 2449 Hymenaeus
813 2365 939 2451 adegit„
1029 2417 1031 2422 ,
1061 2384 1114 2431 110

102 2453 247 2536 Vtraque
270 2453 446 2517 luminibus
469 2454 618 2518 timidum
640 2455 751 2539 micat,
772 2458 909 2538 utraque
931 2454 1068 2538 pulchro

102 2543 234 2607 Excitat
258 2563 311 2607 ore
334 2542 428 2606 faces.
466 2542 576 2619 Qualis
599 2544 736 2607 Latonia
758 2543 850 2629 virgo

102 2631 146 2695 Et
170 2632 240 2696 solo
262 2630 338 2695 Iove
361 2636 438 2695 nata
462 2653 553 2696 soror
576 2654 648 2696 cum
671 2632 755 2696 forte
777 2632 921 2697 revisunt

101 2719 262 2804 Aequorei
285 2725 406 2784 sortem
427 2721 535 2804 patrui
559 2719 756 2807 (spumantia
779 2721 895 2784 cedunt

102 2808 253 2891 Aequora
276 2812 437 2872 castarum
459 2830 590 2895 gressus
612 2813 763 2873 venerata
786 2810 929 2894 dearum3
1062 2827 1111 2876 125

103 2897 179 2960 Non
201 2898 283 2961 ludit
308 2897 441 2961 Galatea
463 2918 597 2980 procax,
619 2920 686 2962 non
707 2898 874 2980 improbus
897 2899 993 2963 audet

104 2985 247 3071 Tangere
272 2985 473 3069 Cymothoen
495 2985 610 3049 Triton
632 2990 766 3069 totoque
790 3007 917 3051 severos

103 3073 219 3137 indicit
241 3096 346 3138 mores
369 3074 485 3160 pelago
508 3074 612 3157 pudor
633 3074 767 3158 ipsaque
789 3075 925 3139 Proteus

103 3162 201 3225 Arcet
224 3162 264 3224 ab
288 3164 436 3246 amplexu
459 3163 547 3246 turpi
569 3162 734 3248 Neptunia
756 3162 929 3250 monstra):

103 3251 197 3314 Tales
221 3252 398 3333 sceptriferi
420 3252 547 3316 visurae
569 3256 655 3317 tecta
677 3253 819 3336 parentis
1060 3271 1111 3320 130

103 3341 216 3403 Limen
238 3339 440 3404 Honoriades
462 3345 632 3425 penetrant
655 3342 761 3427 regale
785 3363 919 3406 sorores.

102 3428 225 3491 Ambas
248 3428 302 3492 illc
327 3429 454 3512 quidem
476 3431 581 3514 patrio
606 3431 790 3513 complexus
813 3452 934 3517 amoro,

104 3518 166 3582 Sed
188 3519 302 3582 merito
325 3519 429 3601 pietas
451 3519 486 3583 in
508 3523 540 3583 te
563 3519 736 3604 proclivior
759 3520 851 3603 tuas,

871 3617 928 3672 Ab*
