2438 3832
96 169 234 239 (XXVII.)
254 169 402 240 (XXVIII.)
421 169 605 226 PANRGYR.
620 171 668 224 DE
685 171 801 228 SEXTO
817 171 917 229 CONS.
932 172 1019 232 HON
1048 175 1110 239 117

97 331 151 395 En
173 332 332 417 princeps,
356 354 396 396 en
419 333 508 397 orbis
532 356 613 417 apex
637 337 753 417 aequat
754 356 792 398 us
817 334 969 421 Olympol

142 420 195 484 En
219 422 330 503 quales
353 421 498 508 memini,
520 422 617 486 turba
640 422 790 508 verenda,
814 423 902 488 deos!

97 507 236 595 Fingere
258 509 305 573 nil
329 510 432 573 maius
455 515 547 594 potui
539 511 692 596 tsopor,
716 512 845 595 altaque
868 513 935 577 1111
1079 531 1113 579 25

145 597 289 662 Convent
275 603 345 662 tum
369 599 457 663 caelo
480 599 630 684 praebuit
616 599 727 663 taula
749 622 867 684 parem.

498 799 712 806 *-

435 956 782 1030 Panacralcvs

535 1108 681 1178 (111111)

166 1217 274 1282 Aurea
296 1216 460 1281 Fortunae
482 1218 654 1281 Reduci
629 1240 657 1281 11
679 1218 801 1302 templa
823 1219 947 1303 priores

100 1305 149 1371 Ob
173 1307 312 1371 reditum
334 1329 450 1370 vovere
473 1306 598 1391 ducum,
620 1329 687 1371 non
710 1306 840 1393 dignius
862 1330 1016 1391 umquam

98 1395 188 1459 Haec
212 1395 270 1458 dea
292 1417 351 1478 pro
375 1395 470 1459 merit
471 1396 500 1459 is
524 1395 648 1478 amplas
672 1395 734 1459 sibi
757 1400 904 1480 posceret
928 1397 1030 1483 aedes,

100 1483 204 1560 Quam
227 1506 285 1547 sua
309 1506 381 1547 cum
404 1485 562 1568 paritert
548 1484 669 1548 trabeis
693 1488 901 1568 reparatura
884 1489 916 1550 t
939 1486 1013 1549 urbi

99 1573 266 1637 Maiestas:
290 1594 394 1655 neque
418 1573 503 1637 enim
527 1595 658 1656 campus
682 1573 849 1638 sollemnis
873 1578 906 1638 et
928 1597 1010 1638 uma
1100 1592 1116 1642 5

99 1662 239 1725 Luditur
261 1661 296 1724 in
318 1684 449 1746 morem,
474 1660 595 1746 species
617 1683 677 1726 nec
700 1662 830 1727 dissona
854 1666 948 1727 coetu

100 1748 168 1813 Aut
192 1749 361 1835 peregrina
384 1750 467 1814 nitet
491 1750 635 1814 simulati
658 1751 740 1814 iuris
763 1751 880 1837 imago.

99 1838 273 1924 Indigenas
296 1838 428 1902 habitus
451 1839 562 1903 nativa
584 1839 707 1922 palatia
731 1844 872 1925 sumunt,

99 1927 144 1991 Et
151 1979 159 2012 ‚
182 1927 297 2011 patriis
321 1927 448 2010 plebem
473 1927 587 1990 castris
611 1927 755 1992 sociante
779 1925 925 2014 Quirino,

99 2016 188 2079 Mars
211 2015 361 2101 Augusta
327 2016 593 2080 tsuirenovat
617 2016 771 2102 suffragia
795 2017 1117 2100 campi10

101 2103 213 2180 Qualis
237 2105 298 2167 erit
320 2105 426 2190 terris,
450 2126 546 2187 quem
568 2126 662 2168 mons
685 2103 870 2168 Euandrius
894 2105 989 2168 offert

100 2193 257 2274 Romanis
281 2193 409 2277 avibus,
433 2214 528 2275 quem
551 2192 692 2277 Thybris
712 2193 895 2294 inaugurat‚
919 2193 1044 2257 annus?

145 2280 346 2364 Quamquam
371 2303 490 2366 omnes,
515 2281 709 2364 quicumque
731 2281 781 2345 tui
806 2280 1018 2368 cognominis,
1041 2282 1119 2348 anni

102 2369 234 2453 Semper
257 2370 451 2434 inoffensum
475 2333 619 2433 dederint
643 2369 845 2434 successibus
869 2391 964 2434 omen

102 2457 176 2522 Sint
162 2463 240 2541 tque
264 2462 397 2541 tropaea
420 2462 493 2522 tuas
518 2479 643 2541 semper
666 2458 785 2523 comita
786 2463 821 2522 ta
843 2480 979 2544 securae,
1085 2477 1118 2527 15

100 2547 164 2611 Hic
186 2550 296 2610 tamen
319 2551 393 2611 ante
417 2568 528 2610 omnes
550 2546 634 2610 miro
657 2547 861 2631 promittitur
885 2551 974 2634 ortu,

99 2635 200 2699 Vrbis
224 2639 256 2698 et
278 2634 422 2722 Augusti
445 2635 609 2721 geminato
631 2635 764 2699 numina
787 2634 874 2700 felix.

99 2723 249 2806 Namque
272 2724 361 2788 velut
385 2724 496 2788 stellas
519 2723 702 2807 Babylonia
725 2745 801 2788 cura
825 2724 970 2788 salubres

101 2811 233 2896 Optima
256 2816 334 2877 tunc
358 2811 494 2896 spondet
517 2812 711 2876 mortalibus
735 2812 826 2876 edere
849 2813 926 2898 tata,

102 2900 282 2965 Caelicolae
306 2924 378 2965 cum
402 2901 487 2965 celsa
510 2903 620 2964 tenent
644 2922 834 2983 summoque
857 2901 1006 2965 feruntur
1083 2918 1117 2967 20

102 2989 238 3054 Cardine
260 3012 320 3054 nec
343 2989 450 3053 radios
472 2988 588 3052 humili
612 2988 752 3052 statione
774 2988 965 3054 recondunt:

99 3078 198 3142 Haud
220 3079 314 3143 aliter
336 3078 448 3143 Latiae
472 3076 621 3142 sublimis
645 3076 788 3163 Signifer
811 3077 911 3162 aulae,

100 3166 233 3250 Imperii
257 3167 346 3231 sidus
369 3167 500 3252 propria
524 3187 597 3230 cum
620 3165 694 3230 sede
717 3165 845 3251 locarit,

100 3254 210 3342 Auget
235 3278 307 3341 spes
331 3255 444 3342 Italas3
468 3260 500 3320 et
524 3254 642 3321 certius
666 3254 773 3319 omina
797 3258 935 3341 surgrmt

100 3344 240 3409 Victrici
264 3350 418 3429 concepta
441 3345 520 3409 sole.
1083 3361 1117 3408 25

573 3431 655 3496 Cum
676 3431 810 3515 pulcher
827 3430 947 3515 Apollo

100 3522 233 3586 Lustrat
257 3522 484 3607 Hyperboreas
506 3520 644 3606 Delphis
668 3521 876 3586 cessantibus
895 3542 990 3601 1111,
1059 3529 1063 3534 “

154 3635 295 3677 Carreum
309 3638 372 3690 011,
392 3639 427 3679 ed.
440 3638 531 3680 Koch.
892 3627 936 3676 Ἦ*
