2438 3832
97 147 296 201 CARMINVM
305 146 481 201 MINORVM
491 145 765 213 CORPVSCVLVM‚
781 164 802 200 c.
814 145 1026 201 XXIII—XXV.
1045 145 1110 210 227

95 309 192 372 Hunc
214 308 295 372 mihi
318 307 486 396 coniungit
510 308 625 373 studiis
649 308 872 372 communibus
896 311 998 394 aetas3
1096 324 1111 371 5

140 396 236 461 Hunc
258 397 339 460 mihi
360 398 531 481 praeponit
553 398 606 462 vel
629 396 828 470 seniumvel
850 396 963 461 honos.

97 485 233 549 Carmen
256 507 346 550 amor
369 486 492 572 generi,
516 485 618 550 soceri
641 485 820 549 reverentia
841 485 949 569 poscit

141 572 257 638 Officio
280 574 378 659 vatis,
401 574 515 638 militis
539 573 703 657 obsequio,

161 838 259 904 Forte
281 840 393 904 Venus
416 839 535 904 blando
559 838 742 923 quaesitum
764 839 885 926 fiigore
909 860 1058 903 somnum

94 926 227 992 Vitibus
249 928 366 992 intexti
389 928 512 1014 gremio
537 932 733 992 successerat
757 927 843 992 antri

94 1016 267 1100 Densaque
290 1017 431 1081 sidereos
454 1039 512 1100 per
534 1016 682 1103 gramina
705 1016 832 1081 fuderat
856 1020 947 1081 artus

94 1104 240 1169 Adclinis
264 1106 381 1169 florum
405 1106 547 1190 cumulo3
571 1105 730 1188 crispatur
754 1127 853 1188 opaca

93 1193 270 1277 Pampinus
294 1198 326 1258 et
348 1198 458 1258 musto
481 1194 649 1257 sudantem
671 1194 807 1258 ventilat
829 1215 933 1258 uvam.
1096 1209 1112 1258 5

96 1277 160 1346 Ora
183 1282 273 1347 decet
295 1282 443 1368 neglecta
467 1304 577 1368 sopor3
600 1281 726 1345 fastidit
749 1282 903 1346 amictum

95 1370 216 1435 Aestus
240 1376 272 1435 et
296 1376 392 1435 exuto
416 1372 617 1435 translucent
639 1375 769 1455 pectore
792 1370 931 1437 frondes.

95 1458 214 1522 Idaliae
237 1459 329 1523 iuxta
351 1461 492 1524 famulae
513 1459 696 1544 triplexque
718 1459 862 1524 vicissim

94 1547 186 1611 Nera
211 1547 271 1611 sub
293 1548 419 1634 ingenti
441 1548 614 1632 requiescit
639 1548 751 1613 Gratia
774 1571 903 1632 quercu.

94 1635 231 1699 Pennati
254 1637 375 1719 passim
397 1638 489 1721 pueri
513 1659 577 1720 quo
602 1659 760 1721 quemque
783 1637 911 1702 vocavit
1078 1654 1112 1703 10

94 1724 218 1788 Vmbra
240 1725 361 1811 iacent3
384 1726 514 1789 fluitant
538 1748 631 1789 arcus
654 1726 816 1809 ramisque
838 1725 1031 1810 propinquis

93 1812 273 1877 Pendentes
296 1813 422 1896 placido
447 1814 611 1897 suspirant
634 1813 709 1900 igne
731 1813 910 1898 pharetrae.

92 1901 172 1965 Pars
195 1901 311 1987 vigiles
334 1901 450 1964 ludunt
474 1907 530 1972 aut
552 1924 610 1986 per
633 1903 775 1988 virgulta
798 1906 954 1990 vagantes

96 1988 290 2054 Scrutantur
311 1989 405 2053 nidos
429 1990 536 2053 avium
559 1990 611 2054 vel
634 1990 760 2055 roscida
782 1991 860 2055 laeti

94 2077 182 2141 Mala
204 2079 318 2164 legimt
342 2078 461 2141 donum
484 2078 604 2143 Veneri
626 2080 792 2162 flexusque
816 2083 995 2164 sequuntur
1078 2096 1111 2146 15

93 2166 242 2230 Palmitis
266 2171 298 2230 et
322 2188 464 2229 summas
488 2166 603 2250 pennis
626 2167 788 2232 librantur
809 2168 844 2232 in
864 2169 986 2254 ulmos3

93 2255 279 2319 Defendunt
303 2254 358 2318 alii
380 2255 490 2319 lucum
512 2255 723 2340 Dryadasque
746 2278 897 2339 procaces

96 2342 268 2427 Spectandi
292 2343 423 2426 cupidas
447 2347 479 2408 et
502 2345 624 2409 rustica
645 2344 778 2409 numina
800 2345 927 2429 pellunt

94 2431 328 2514 Silvestresque
352 2432 433 2523 deos
450 2433 611 2519 longeque
634 2432 802 2497 tuentibus
825 2438 954 2498 antrum

92 2520 256 2584 Flammea
279 2519 409 2584 lascivis
431 2521 603 2587 intendunt
627 2521 751 2606 spicula
773 2521 906 2588 Faunis:
1075 2542 1111 2589 ao

93 2608 174 2673 Cum
198 2609 307 2672 subito
330 2609 438 2673 varius
461 2610 566 2676 vicina
590 2611 712 2676 clamor
734 2611 775 2675 ab
798 2612 879 2676 urbe

91 2697 136 2760 Et
159 2698 259 2761 fausti
282 2698 434 2762 iuvenum
456 2699 590 2782 plausus
612 2700 796 2782 mixtaeque
820 2700 945 2764 choreis

94 2783 234 2850 Auditae
257 2808 315 2870 per
338 2809 413 2849 rura
436 2786 533 2868 lyrae.
572 2787 717 2852 Celerina
739 2809 797 2871 per
821 2810 931 2852 omnes

92 2871 206 2937 Italiae
230 2874 356 2939 canitur
380 2878 506 2938 montes
531 2876 698 2959 omnisque
721 2875 874 2940 maritum

91 2960 273 3026 Palladium
296 2961 469 3027 resonabat
493 2985 577 3049 ager.

623 3050 774 3116 Pervenit
798 3051 839 3116 ad
862 3075 955 3117 aures
1074 3071 1107 3120 25

91 3137 165 3201 Vox
188 3137 326 3202 iucunda
349 3141 425 3204 deae
449 3139 649 3223 strepituque
672 3140 776 3204 excita
799 3142 917 3206 resedit

92 3226 136 3289 llt
160 3226 321 3309 reliquum
341 3227 447 3292 nitido
472 3227 603 3292 detersit
626 3229 743 3312 pollice
767 3252 916 3295 somnum

91 3315 201 3398 thue
224 3314 299 3399 fuit,
322 3316 453 3381 turbata
477 3338 597 3403 comas,
620 3317 741 3383 intecta
762 3319 915 3406 papillas,

157 3515 191 3559 13
212 3510 365 3584 vagantes]
384 3511 543 3588 Reiectum
561 3517 726 3588 vagantur.
911 3593 951 3646 Ψ

891 3603 915 3650 q
948 3611 954 3620 .
