2438 3832
114 136 179 199 258
299 141 301 145 ·
437 133 582 188 cuavmr
602 133 828 204 curruum

181 295 220 361 Ὀ
243 297 346 381 pubes
371 296 532 361 domitura
555 296 645 382 deos,
669 296 891 380 quodcumque
914 296 1047 382 videtis,

113 385 293 474 Pugnando
316 385 460 472 dabitur,
481 389 626 469 praestat
649 385 784 450 victoria
807 384 970 449 mundum.
1099 401 1133 450 15

115 471 240 541 Sentiet
262 476 318 538 ille
341 496 429 538 meas
452 473 582 538 tandem
606 472 778 539 Satmmius
800 474 881 559 iras,
958 527 959 530 ,
1007 504 1010 509 ·

117 564 313 651 Cognoscet,
338 563 416 648 quid
437 563 536 627 Terra
558 567 681 649 potest,
705 563 733 626 si
755 563 879 627 viribus
902 562 979 626 ullis

112 653 249 739 Vincor,
273 653 300 716 si
325 651 444 736 Cybele
466 651 562 716 nobis
584 651 719 716 meliora
743 651 875 716 creavit!

115 741 180 807 Cur
202 741 312 805 nullus
336 740 475 804 Telluris
498 739 626 804 honos?
649 762 706 804 cur
728 761 854 824 semper
876 739 1000 804 acerbis

112 831 166 895 Me
189 830 315 894 damnis
337 851 453 916 urgere
476 829 581 893 solet?
619 827 706 906 Quae
729 829 833 894 forma
855 828 992 894 nocendi
1095 846 1134 895 ao

113 919 248 984 Defuit?
284 919 370 982 Hinc
392 918 556 982 volucrem
577 918 652 982 vivo
675 918 736 981 sub
759 922 889 1002 pectore
911 918 1015 1002 pascit

112 1006 231 1072 Infelix
253 1006 406 1092 Scythica
429 1007 513 1070 fixus
537 1006 682 1071 convalle
704 1005 929 1090 Prometheus,

113 1097 199 1161 Hinc
221 1093 366 1160 Atlantis
390 1117 471 1180 apex
493 1095 692 1160 flammantia
714 1095 856 1179 pondera
878 1095 972 1159 fulcit

111 1185 157 1250 Et
179 1208 237 1269 per
260 1185 410 1249 canitiem
432 1184 552 1270 glacies
575 1183 751 1269 asperrima
774 1183 875 1248 durat.

115 1274 198 1351 Quid
222 1274 324 1338 dicam
347 1274 481 1358 Tityon,
505 1273 596 1337 cuius
619 1273 680 1336 sub
703 1273 832 1337 vulture
856 1294 951 1336 saevo
1095 1290 1133 1338 aa

112 1362 246 1427 Viscera
267 1366 446 1427 nascuntur
468 1362 622 1447 gravibus
646 1361 802 1425 certantia
824 1360 959 1445 poenis?

113 1450 177 1516 Sed
199 1472 271 1536 vos,
296 1472 314 1514 0
337 1449 467 1513 tandem
489 1450 621 1514 veniens
644 1451 803 1514 exercitus
826 1450 928 1534 ultor,

114 1539 237 1605 Solvite
260 1539 393 1602 Titanas
415 1537 546 1622 vinalia,
569 1537 729 1602 defendite
752 1542 895 1603 matrem.

112 1627 196 1693 Sunt
219 1627 315 1712 freta,
344 1631 419 1691 sunt
442 1631 582 1691 montes:
608 1627 731 1691 nostris
753 1650 794 1691 ne
817 1627 938 1711 parcite
961 1627 1133 1714 membris3

110 1717 151 1782 ln
174 1715 261 1781 Iovis
284 1716 418 1781 exitium
441 1716 543 1779 telum
565 1737 633 1780 non
655 1738 724 1780 esse
747 1738 869 1780 recuso.
1094 1735 1130 1782 30

111 1805 174 1892 Ite,
198 1827 325 1890 precor,
347 1805 479 1869 miscete
502 1805 628 1890 polum,
650 1804 820 1869 rescindite
843 1809 949 1868 turres

111 1894 267 1960 Sidereas
303 1893 422 1977 Rapiat
445 1893 569 1957 fulmen
592 1898 818 1977 sceptrumque
841 1893 1029 1979 Typhoeus3

110 1983 266 2048 Enceladi
288 1983 386 2046 iussis
408 2004 495 2046 mare
519 1983 651 2068 serviat3
675 1982 757 2046 alter
779 1981 922 2046 habenas

110 2072 256 2136 Aurorae
278 2092 338 2155 pro
362 2070 438 2136 Sole
460 2075 565 2157 regat:
589 2075 622 2135 te
644 2070 801 2155 Delphica
824 2071 935 2135 laurus

110 2160 270 2247 Stringet,
292 2159 511 2245 Porphyrion,
534 2157 750 2243 Cirrhaeaque
773 2159 894 2243 templa
916 2159 1063 2224 tenebis'
1092 2177 1128 2226 ³5

178 2249 240 2313 His
263 2248 320 2313 ubi
344 2248 487 2312 consiliis
511 2248 636 2312 animos
659 2248 756 2312 elusit
778 2249 904 2333 inanes,

109 2338 179 2403 Iam
203 2337 335 2402 credunt
358 2337 473 2399 vicisse
497 2336 573 2400 deos
595 2336 772 2420 mediisque
795 2337 974 2402 revinctum

109 2425 299 2510 Neptunum
322 2424 459 2488 traxisse
481 2425 587 2511 fretis3
610 2425 663 2490 hic
686 2430 827 2489 sternere
850 2425 988 2491 Martem

112 2514 256 2600 Cogitat,
278 2513 332 2577 hic
353 2512 478 2577 Phoebi
499 2513 624 2577 laceros
648 2513 798 2578 divellere
821 2515 938 2601 crines,

109 2604 173 2668 Hic
196 2602 259 2666 sibi
281 2602 443 2686 promittit
466 2601 624 2666 Venerem
647 2607 819 2686 speratque
842 2603 964 2667 Dianae
1091 2620 1127 2669 lo

111 2692 305 2778 Coniugium
328 2695 513 2775 castamque
537 2691 625 2774 cupit
648 2691 769 2756 violare
792 2690 978 2756 Minervam.

175 2779 302 2845 Interea
325 2802 458 2864 superos
481 2780 672 2864 praenuntia
696 2784 851 2845 convocat
874 2779 944 2844 Iris,

110 2870 172 2946 Qui
195 2870 324 2955 fluvios,
348 2870 403 2953 qui
427 2873 542 2955 stagna
566 2868 690 2955 colunt,
714 2869 888 2955 cingimtur
911 2874 943 2933 et
966 2869 1029 2952 ipsi

107 2957 241 3023 Auxilio
264 2957 390 3044 Manes3
413 2978 472 3022 nec
494 2961 540 3042 te,
562 2956 769 3044 Proserpina,
792 2958 888 3044 longe

108 3047 289 3112 Vmbrosae
311 3051 442 3111 tenuere
465 3047 568 3130 fores3
590 3069 647 3111 rex
669 3047 738 3131 ipse
762 3047 915 3110 silentum
1089 3061 1126 3111 45

106 3136 249 3202 Lethaeo
272 3135 401 3200 vehitur
425 3157 520 3199 curru
541 3134 710 3218 lucemque
733 3135 884 3199 timentes

106 3225 278 3290 Insolitam
300 3224 460 3287 mirantur
482 3224 556 3308 equi
579 3224 768 3308 trepidoque
790 3223 902 3287 volatu

107 3313 237 3398 Spissas
261 3313 415 3377 caeruleis
439 3312 588 3377 tenebras
611 3335 627 3376 e
650 3312 783 3377 naribus
807 3311 928 3378 efflant.

107 3401 157 3467 Ac
178 3402 268 3467 velut
290 3402 421 3466 hostilis
444 3423 517 3465 cum
539 3401 688 3465 machina
710 3401 826 3465 terruit
847 3401 974 3487 urbem,

100 3488 251 3574 Vndique
276 3494 477 3558 concurrunt
501 3512 607 3557 arcem
629 3490 796 3556 defendere
820 3491 918 3555 cives:
1090 3507 1126 3556 co
