2438 3832
104 164 167 230 122
431 161 577 218 CLAVDII
595 161 795 218 OLAVDIANI

101 327 189 405 Quae
211 331 291 393 nota
312 327 509 412 nimborum3
533 347 615 409 quae
638 324 728 389 fraus
751 323 850 389 infida
874 322 992 410 sereni3
1067 341 1120 392 425

101 416 185 494 Quid
208 417 258 482 001
282 416 432 481 00011000
455 414 585 500 prodat3
609 435 673 497 quo
697 413 806 478 saucia
827 417 925 479 vento

99 504 241 571 Decolor
262 505 364 571 iratos
388 504 518 569 attollat
543 502 685 587 Cynthia
707 503 826 567 vultus.

39 592 42 598 ’
100 593 241 679 Adspice
260 616 359 681 nunc,
383 614 584 678 quacumque
606 592 721 677 micas,
745 613 801 656 seu
824 591 963 656 circulus
989 589 1121 680 Austri,

100 683 219 770 Magne
242 704 372 769 parens,
395 681 493 770 gelidi
516 703 573 746 seu
596 686 629 746 te
652 702 796 745 meruere
819 679 967 768 Triones,

100 769 255 856 Adspice:
280 771 459 857 completur
481 774 602 836 votum.
648 768 719 835 Iam
740 773 837 834 natus
861 769 1019 853 adaequat
1067 788 1121 838 480

100 860 293 926 Γ1010011110
316 864 362 948 et,
386 859 473 944 quod
494 859 599 946 magis
622 863 672 924 est
696 858 853 944 optabile,
875 859 975 924 vincit

100 947 266 1014 Subnixus
290 948 468 1014 Stilichone
490 953 564 1036 tuo,
589 970 685 1032 quem
708 948 865 1013 fratribus
887 949 956 1032 ipse

99 1038 276 1103 Discedens
300 1039 438 1123 clipeum
461 1038 724 1121 defensoremque
747 1037 872 1102 dedisti.

99 1126 164 1192 Pro
187 1128 283 1193 nobis
305 1127 388 1192 nihil
410 1127 466 1192 ille
488 1127 558 1211 pati
579 1126 769 1211 nullumque
793 1130 920 1190 recusat

100 1216 283 1282 Discrimen
304 1220 462 1301 temptare
486 1216 550 1302 sui,
571 1237 639 1280 non
661 1215 740 1279 dura
763 1215 902 1300 viarum,
1066 1233 1121 1284 435

99 1305 177 1371 Νο0
199 1305 322 1370 incerta
344 1305 456 1390 maris,
478 1304 602 1388 Libyae
625 1304 804 1387 squalentis
827 1304 965 1368 harenas

98 1393 242 1459 Audebit
266 1415 416 1477 superare
439 1393 535 1478 pedes
558 1393 749 1478 madidaque
773 1393 906 1458 cedente

99 1482 229 1548 Pleiade
254 1480 407 1548 Gaetulas
430 1481 566 1546 intrabit
588 1482 699 1548 navita
722 1480 843 1566 Syrtes.

166 1571 263 1636 Hunc
286 1575 395 1636 tamen
417 1571 452 1635 in
474 1571 587 1654 primis
610 1570 749 1656 populos
772 1572 872 1636 lenire
895 1572 1020 1643 feroces

100 1660 145 1725 Et
168 1660 318 1725 Rhenum
341 1681 455 1745 pacare
477 1660 578 1725 iubes.
624 1659 723 1724 Volat
746 1660 802 1724 ille
825 1661 933 1725 citatis
1065 1680 1121 1729 440

98 1749 221 1814 Vectus
245 1749 336 1832 equis
358 1749 511 1833 nullaque
534 1749 621 1813 latus
645 1748 786 1832 stipante
810 1753 951 1836 caterva,

99 1837 225 1924 Aspera
246 1838 412 1902 nubiferas
436 1860 500 1922 qua
521 1837 637 1902 Raetia
659 1838 800 1925 porrigit
822 1837 936 1924 Alpes,

99 1927 212 2014 Pergit
236 1931 268 1991 et
290 1927 426 1992 hostiles
450 1925 556 2014 (tanta
580 1930 629 1992 est
652 1925 784 2014 fiducia)
808 1927 895 2013 ripas

99 2014 312 2081 lncomitatus
336 2016 411 2081 adit.
457 2016 576 2081 Totum
598 2037 771 2100 properare
793 2038 851 2101 per
874 2038 1001 2082 amnem

99 2104 270 2172 Attonitos
293 2127 385 2193 reges
408 2105 524 2170 humili
548 2105 670 2169 cervice
692 2104 825 2170 videres.
849 2141 853 2146 -
1064 2124 1119 2175 445

99 2194 186 2259 Ante
209 2194 322 2260 ducem
343 2199 493 2259 nostrum
515 2195 632 2259 flavam
656 2215 801 2277 sparsere
825 2192 998 2282 Sygambri

101 2283 282 2349 Caesariem
304 2283 485 2368 pavidoque
510 2288 639 2348 orantes
661 2304 824 2347 murmure
846 2281 963 2348 Franci

98 2373 304 2437 Procubuere
327 2371 410 2435 solo:
433 2372 560 2436 iuratur
581 2371 747 2437 Honorius
771 2372 888 2436 absens

98 2459 320 2545 imploratque
343 2463 437 2524 tuum
460 2460 596 2545 supplex
617 2458 812 2525 Alamannia
832 2482 959 2526 nomen.

98 2549 276 2614 Bastarnae
299 2569 413 2613 venere
436 2553 557 2635 truces,
579 2549 668 2614 venit
691 2550 800 2614 accola
823 2549 922 2614 silvae
1062 2567 1118 2620 450

98 2639 275 2704 Bructerus
297 2636 478 2721 Hercyniae
500 2639 640 2722 latisque
661 2638 835 2722 paludibus
858 2639 924 2703 exit

101 2727 231 2793 Cimber
254 2730 286 2791 et
308 2726 456 2813 ingentes
479 2725 591 2792 Albim
613 2728 736 2811 liquere
762 2726 923 2793 Cherusci.

98 2814 228 2901 Accipit
251 2815 307 2880 ille
329 2837 440 2900 preces
462 2816 569 2880 varias
591 2817 746 2902 tardeque
768 2820 903 2904 rogatus

98 2903 223 2970 Adnuit
247 2908 279 2969 et
302 2926 421 2992 magno
443 2927 555 2990 pacem
577 2928 637 2991 pro
660 2927 791 2973 munere
815 2906 922 2971 donat.

97 2994 131 3060 N
133 2995 285 3060 obilitant
307 2998 432 3059 veteres
456 2992 646 3060 Germanica
668 2995 797 3059 foedera
819 2993 959 3082 Drusos‚
1063 3013 1118 3064 455

97 3083 204 3149 Marte
227 3083 283 3148 sed
306 3083 454 3169 ancipiti,
478 3084 534 3148 001
555 3085 667 3149 multis
691 3083 836 3148 cladibus
859 3088 976 3169 empta.

98 3172 179 3250 Quis
202 3173 325 3238 victum
346 3172 493 3237 meminit
517 3172 587 3238 sola
609 3172 780 3238 formidine
802 3172 975 3238 Rhenum?

99 3261 192 3339 Quod
214 3261 322 3348 longis
346 3260 402 3325 alii
424 3261 520 3325 bellis
542 3266 676 3346 potuere
698 3261 827 3346 mereri,

97 3351 170 3416 Hoc
192 3351 254 3416 tibi
278 3350 332 3414 dat
356 3348 545 3415 Stilichonis
567 3351 638 3417 iter.

685 3439 766 3503 Post
790 3439 856 3504 otia
879 3438 966 3506 Galli

92 3527 226 3594 Limitis
247 3527 392 3594 hortaris
416 3526 532 3594 Graias
554 3526 668 3592 fulcire
692 3527 810 3592 ruinas.
1063 3547 1119 3599 400
