2438 3832
263 147 320 219 (V.)
343 147 384 202 IN
401 147 570 203 RVFINVM
589 147 701 202 LIBER
719 146 920 204 SECVNDVS.
1054 147 1098 212 25

81 311 128 376 Et
150 310 236 374 risus
259 309 448 394 plerumque
472 309 573 397 subit3
596 310 689 376 dolor
712 309 813 374 afficit
836 333 929 396 unus

83 399 177 476 Quod
198 398 295 463 feriat
315 421 384 464 non
404 399 474 483 ipse
496 421 602 464 manu.
648 399 746 463 Videt
769 399 877 464 omnia
899 400 964 464 late
1064 418 1097 465 ιο

80 487 268 572 Exceptis
259 509 479 554 incensasurs
412 492 535 552 suiset
557 487 690 552 crimine
712 492 804 553 tanto

80 576 241 641 Luxuriat
264 598 437 660 carumque
460 576 522 641 sibi
545 599 612 642 non
634 577 747 642 abnuit
770 578 911 662 hostem·

80 663 228 730 lactabat
214 669 292 749 tque
314 666 416 750 ultro,
439 665 527 749 quod
550 666 611 730 soli
635 671 703 730 cast
704 688 740 731 ra
762 630 911 749 paterent

82 753 337 838 Sermonumque
359 755 444 818 foret
466 754 591 819 vicibus
614 754 771 839 permissa
778 759 946 907 tpotestas.

81 841 218 930 Egregii
241 842 414 944 quotiens
415 843 534 908 exisset
557 842 694 908 foederis
718 848 792 908 auct
794 865 840 928 or,
1064 861 1097 908 ιι

84 929 232 1016 Stipatur
255 931 350 996 sociis
355 931 570 1017 ‚circumque
594 936 717 996 armata
683 895 894 996 tolientum

81 1018 224 1121 Agmina
246 984 382 1104 privatis
404 1020 496 1087 ibant
518 1020 758 1096 famulantia
733 1021 848 1107 slgnis3

83 1106 158 1193 Ipse
181 1108 266 1173 inter
287 1109 424 1194 medios,
446 1131 487 1174 ne
510 1131 574 1193 qua
597 1109 636 1173 de
658 1114 750 1194 parte
773 1109 936 1192 relinquat

80 1196 278 1282 Barbariem‚
300 1161 430 1263 revocat
452 1198 590 1264 fulvas
581 1221 616 1262 m
638 1202 770 1282 pectora
792 1197 894 1282 pelles

80 1284 250 1369 Frenaque
273 1289 305 1350 e
327 1286 472 1351 inmanes
495 1287 664 1371 pharetras
688 1308 844 1370 arcusque
868 1307 1004 1350 sonoros
1064 1303 1097 1351 80

81 1373 267 1439 Adsimulat
289 1378 493 1459 mentemque
516 1376 624 1460 palam
647 1375 826 1459 proclamat
850 1374 979 1460 amictu,

80 1461 150 1527 Nec
172 1463 272 1547 pudet
293 1462 458 1528 Ausonios
482 1485 594 1528 currus
618 1468 651 1528 et
672 1463 744 1528 iura
766 1467 932 1549 regentem

81 1549 215 1616 Sumere
238 1551 397 1616 deformes
420 1552 503 1616 ritus
526 1556 712 1636 vestemque
736 1551 904 1637 Getarum3

78 1637 308 1727 Insignemque
330 1639 479 1705 habitum
500 1640 587 1705 Latii
608 1645 734 1705 mutare
758 1645 886 1705 coactae
1053 1721 1055 1727 y

80 1727 228 1793 Maerent
251 1728 395 1813 captivae
417 1729 530 1813 pellito
553 1729 657 1794 iudice
680 1730 777 1817 leges.
1064 1747 1098 1794 85

148 1816 228 1893 Quis
241 1817 354 1918 populi
367 1821 438 1881 tum
451 1817 522 1881 vult
508 1821 562 1882 tus
576 1820 660 1883 orat!
689 1840 771 1902 quae
789 1839 954 1882 murmura
972 1816 1099 1882 furtim!

81 1904 182 1992 (Nam
204 1905 393 1970 miserisne
416 1907 492 1970 flere
516 1906 645 1990 quidem
668 1911 725 1971 aut
746 1907 847 1972 lenire
870 1906 1014 1970 dolorem

83 1993 295 2077 Colloquiis
286 2016 417 2078 1mpune
439 1994 544 2083 licet).
568 1994 732 2072 Quonam
754 2017 857 2079 usque
879 1995 1019 2059 feremus

81 2082 225 2146 Exitiale
247 2081 383 2168 iugum?
416 2082 514 2148 durae
537 2084 611 2168 quis
633 2084 791 2149 terminus
813 2105 967 2165 umquam

83 2169 190 2236 Sortis
213 2171 295 2235 erit?
325 2170 399 2255 quis
420 2194 482 2236 nos
504 2173 634 2237 fimesto
657 2173 787 2236 turbine
810 2193 918 2235 rerum
1066 2189 1100 2236 90

80 2258 149 2324 Aut
173 2259 274 2323 tantis
298 2260 402 2324 solvet
425 2260 580 2346 lacrimis,
604 2283 685 2344 quos
709 2260 867 2325 barbarus
889 2258 989 2343 illinc,

80 2347 168 2412 Hinc
190 2347 328 2412 Rufinus
351 2348 434 2435 agit,
458 2349 576 2431 quibus
600 2371 676 2413 arva
699 2349 882 2432 fretumque
904 2349 1064 2433 negatur?

80 2436 201 2523 Magna
224 2436 353 2520 quidem
375 2458 432 2520 per
454 2459 530 2501 rura
552 2437 636 2524 lues,
659 2437 716 2502 sed
736 2437 840 2502 maior
863 2437 993 2502 oberrat

83 2524 176 2590 Intra
198 2527 284 2589 tecta
249 2524 412 2590 t.timor
457 2524 601 2592 Tandem
625 2548 774 2591 succurre
797 2526 903 2590 ruenti

80 2613 156 2678 Heu
179 2613 316 2699 patriae,
339 2611 490 2679 Stilicho!
526 2613 654 2679 Dilecta
677 2615 730 2679 hio
752 2614 889 2701 pignora
913 2620 1008 2701 certe,
1063 2632 1097 2680 os

80 2701 145 2766 Hic
169 2701 295 2787 domus,
317 2701 371 2766 hic
393 2702 546 2767 thalamis
568 2703 709 2804 primum
731 2703 914 2790 genialibus
938 2725 1041 2788 omen,
1181 2726 1188 2743 ·

81 2790 146 2854 Hic
169 2789 230 2855 tibi
250 2753 362 2855 felices
386 2791 487 2855 erexit
494 2791 600 2892 'regia
622 2792 741 2857 taedas.

80 2876 145 2943 Vel
168 2878 256 2942 solus
280 2883 406 2963 sperate
429 2879 511 2944 veni.
552 2880 597 2945 Te
620 2881 743 2964 proelia
766 2880 835 2944 viso

79 2967 306 3054 Languescent
329 2967 478 3053 avidique
501 2969 593 3034 cadet
617 2969 776 3034 dementia
798 2967 961 3032 monstri.

149 3054 284 3120 Talibus
306 3060 441 3142 urgetur
464 3056 586 3122 discors
609 3056 737 3122 Aurora
760 3056 919 3141 procellis.
1048 3074 1098 3123 100

79 3144 127 3209 At
150 3143 302 3229 Stilicho,
323 3143 480 3230 Zephyris
503 3146 739 3231 cumprimum
762 3146 877 3210 bruma
899 3144 1021 3210 remitti

78 3233 127 3298 Et
148 3232 226 3320 iuga
248 3233 373 3298 diffusis
395 3233 511 3298 nudari
534 3239 648 3320 coepta
670 3234 805 3320 pruinis,

79 3321 236 3386 Partibus
258 3320 372 3387 Italiae
395 3327 467 3387 tuta
491 3324 551 3389 sub
574 3345 653 3407 pace
675 3323 797 3389 relictis

78 3409 228 3494 Vtraque
251 3414 357 3475 castra
379 3433 511 3476 mouens
534 3412 659 3476 Phoebi
680 3410 877 3496 properabat
900 3409 941 3474 ad
964 3416 1063 3496 ortus,

79 3497 209 3564 Gallica
232 3499 377 3564 discretis
400 3500 535 3584 anque
557 3500 677 3565 robora
698 3499 815 3568 turmis
933 3526 945 3549 ‹⁴-
1048 3515 1103 3564 ios
