2438 3832
102 194 145 260 70
200 152 206 164 ·
421 195 569 253 CLAVDII
588 196 787 253 CLAVDIANI

386 418 449 489 nv
479 417 830 518 avraozrrvn
948 361 967 418 ³

426 557 548 638 arana
572 577 807 671 snovuavs„

563 694 652 762 (XX.)
848 696 851 701 '

166 804 334 890 Mygdonii
358 802 479 867 cine‘res
502 807 534 866 et
558 803 586 866 si
610 803 687 886 quid
709 807 811 869 restat
834 803 910 889 Eoi,

100 893 194 970 Quod
216 896 340 977 pereat,
363 891 468 978 regni:
493 896 578 956 certe
600 913 667 955 non
690 914 811 978 augure
834 892 918 957 falso

74 979 244 1068 ‘Prodigii
267 983 399 1065 patuere
422 980 540 1065 minae,
563 980 748 1063 frustraque
770 986 901 1063 peracto

4 1116 6 1119 -
99 1070 242 1135 Vulnere
264 1069 464 1134 monstriferi
485 1069 654 1156 praesagia
677 1069 801 1134 discitis
825 1070 909 1134 anni.

102 1158 234 1224 Cautior
257 1163 331 1223 ante
353 1161 463 1222 tamen
484 1158 666 1223 violentum
685 1158 795 1222 navita
820 1157 960 1223 Caurum
1104 1178 1120 1227 5

99 1247 260 1331 Prospicit
284 1252 316 1312 et
339 1247 480 1311 tumidae
504 1246 655 1310 subducit
677 1247 748 1312 vela
770 1248 939 1331 procellae.

38 1347 40 1352 '
100 1336 185 1413 Quid
207 1337 297 1400 iuvat
320 1356 460 1398 errorem
483 1357 588 1398 mersa
610 1335 676 1400 iam
697 1358 805 1419 puppe
828 1336 946 1400 fateri?

100 1424 185 1501 Quid
207 1421 365 1504 lacrimae
381 1423 498 1487 delicta
520 1424 653 1488 levant?
700 1422 795 1489 Stant
819 1423 926 1491 omina
949 1426 1050 1490 vestri

102 1513 266 1578 Consulis:
289 1512 422 1576 inmotis
445 1511 576 1576 haesere
598 1512 726 1596 piacula
749 1513 834 1578 fatis.

4 1620 8 1626 ·
100 1603 191 1667 Tunc
214 1600 320 1665 decuit
344 1600 462 1664 sentire
485 1600 590 1686 nefas,
613 1605 691 1683 tunc
714 1601 761 1664 ire
772 1607 927 1666 ‘recentes
1086 1621 1119 1671 10

99 1691 272 1756 Detersum
294 1689 446 1753 maculas.
491 1687 603 1753 Veteri
624 1693 700 1773 post
724 1690 841 1754 obruta
863 1692 978 1755 morbo

101 1779 244 1864 Corpora
266 1777 424 1842 Paeonias
446 1778 643 1861 nequiquam
666 1778 846 1843 admoveris
868 1779 994 1844 herbas.

99 1869 217 1933 Vlcera
239 1866 398 1950 possessis
421 1867 632 1930 altesuffusa
654 1867 804 1932 medullis

99 1957 177 2023 Non
199 1956 319 2021 leviore
342 1977 453 2041 manu,
477 1955 562 2019 ferro
587 1960 747 2020 sanantur¹
765 1959 797 2020 et
820 1956 902 2042 igni,

99 2045 151 2112 Ne
172 2048 289 2111 noceat
311 2045 433 2108 frustra
455 2066 531 2108 mox
554 2048 707 2133 eruptura
733 2038 880 2108 cicatrix.'
991 2085 996 2094 ·
1085 2065 1120 2113 15

99 2135 152 2201 Ad
174 2135 284 2199 vivum
306 2132 477 2223 penetrant
499 2133 662 2218 flammae,
686 2154 749 2215 quo
773 2132 919 2196 fimditus
942 2156 1037 2199 umor

99 2225 230 2290 Defluat
254 2225 286 2287 et
308 2222 418 2286 vacuis
442 2225 594 2304 corrupto
618 2221 774 2307 sanguine
797 2222 887 2285 venis

100 2314 237 2385 Arescat
260 2311 334 2375 fons
356 2311 426 2393 ipse
448 2310 540 2395 mali3
562 2313 732 2384 truncatur
755 2312 787 2373 et
811 2314 915 2394 artus,

100 2402 148 2466 Vt
170 2402 266 2464 liceat
288 2397 422 2481 reliquis
446 2419 593 2461 securum
617 2398 730 2484 degere
753 2398 914 2462 membris.

85 2490 148 2568 Ac
170 2510 228 2553 vos
252 2487 379 2573 egregie
402 2491 574 2573 purgatam
598 2487 727 2551 creditis
751 2488 871 2572 aulam,
939 2485 944 2492 ’
1084 2507 1121 2566 ao

101 2577 298 2661 Eutropium
322 2576 350 2640 si
374 2575 499 2660 Cyprus
522 2575 621 2640 habet
643 2576 847 2658 vindictaque
872 2575 984 2640 mundi

103 2667 240 2732 Semivir
263 2665 338 2729 exul
361 2665 430 2730 erit.
477 2664 539 2741 Qui
562 2685 621 2728 vos
644 2664 782 2728 lustrare
804 2664 926 2747 valebit

26 2811 29 2816 ,
104 2755 272 2821 Oceanus?
295 2758 423 2818 tantum
445 2753 570 2817 facinus
595 2774 676 2836 quae
691 2752 800 2834 ¹diluet
823 2753 934 2816 aetas?

170 2843 323 2909 Induerat
344 2843 480 2907 necdum
503 2842 648 2905 trabeas:
670 2841 814 2927 mugitus
838 2841 878 2905 ab
902 2864 961 2905 axe
1080 2873 1084 2877 ·

103 2934 260 2998 Redditus
283 2932 425 3017 infem0‚
447 2931 554 2994 rabies
577 2952 693 2995 arcana
717 2952 868 2994 cavernas
967 2943 971 2951 '
1084 2949 1120 2998 25

103 3023 221 3087 Vibrat
244 3025 277 3085 et
300 3021 424 3085 alterno
449 3020 628 3106 confligvmt
652 3019 796 3084 culmina
805 3018 915 3101 lapsu.
1006 3026 1008 3030 '

103 3111 285 3176 Bacchatus
308 3132 365 3193 per
388 3113 500 3192 operta
522 3109 644 3173 tremor
667 3107 868 3172 Calchedona
891 3108 993 3171 movit

87 3200 230 3265 .Pronus
253 3202 285 3263 et
307 3199 343 3262 in
365 3197 510 3284 geminas
531 3197 660 3262 nutavit
673 3195 871 3279 *Bosphorus
894 3197 1000 3260 urbes.

104 3288 301 3354 Concurrere
323 3287 399 3351 freti
421 3286 545 3369 fauces,
567 3286 674 3350 radice
696 3285 824 3349 revulsa

102 3378 219 3442 Vitant
240 3376 426 3441 instabilem
449 3398 577 3440 rursum
600 3374 815 3460 Symplegada
837 3378 983 3459 nautae.¹
1084 3392 1122 3441 30

103 3466 233 3531 Scilicet
255 3465 335 3529 haec
358 3463 490 3551 Stygiae
513 3465 726 3548 praemittunt
750 3463 842 3549 signa
866 3484 994 3527 sorores

85 3555 141 3619 Et
159 3555 231 3619 sibi
247 3554 316 3620 iam
342 3554 427 3621 tradi
448 3554 591 3642 populos
613 3553 676 3619 hoc
699 3552 830 3649 consule
853 3551 1004 3638 gaudent.
