2438 3832
95 141 162 209 272
424 141 571 196 cuauuu
589 127 797 201 euuvnrsru

94 303 342 391 Tergeminique
366 303 456 371 dueis
477 326 667 370 numerosos
691 303 788 373 deiois
812 305 902 373 ustus

141 391 186 457 Et
209 393 329 461 totiens
352 415 416 460 uuo
439 393 544 458 vietor
567 393 608 459 ab
630 393 726 460 hoste
748 391 841 461 redis.
1016 390 1019 395 ’
1088 411 1122 460 40

96 480 175 547 Non
197 480 309 548 eadere
331 480 472 566 Autem,
494 503 561 549 non
584 503 724 549 creseere
746 480 871 566 profuit
893 479 1035 568 hydrueg

140 569 210 635 Nee
233 592 361 637 servam
382 570 530 637 volueres
554 571 699 654 eripuere
720 569 826 654 pedes.

96 657 174 722 ani
196 659 325 723 flamma
347 659 444 745 perit3
467 659 579 726 rubuit
601 658 750 727 Busiride
772 657 869 728 Nilus
877 685 889 744 3·

140 746 319 812 Prostratis
340 747 464 813 mnduit
486 748 659 833 nubigenis
681 747 813 816 Pholoe.

96 835 144 899 Te
165 835 281 923 Libyci
305 840 456 920 stupuere
480 836 583 922 sinus,
606 840 639 900 te
661 836 802 906 maxima
824 834 947 919 Tethys
981 909 983 913 y
1088 853 1123 905 45

142 923 294 1009 Horruit,
316 925 470 1008 imposito
495 947 568 988 oum
588 946 768 1008 premerere
790 924 880 1009 polo:

96 1010 237 1077 Firmior
259 1013 418 1077 Herculea
440 1013 578 1076 mundus
602 1013 723 1077 eervioe
745 1011 912 1097 pependit3

141 1101 337 1166 Lustrarunt
360 1122 488 1166 umeros
511 1101 662 1166 Phoebus
685 1105 718 1165 et
741 1105 829 1165 astra
851 1101 947 1165 tuos?

96 1279 253 1342 Thracius
276 1279 355 1343 haee
377 1283 476 1343 vates,
513 1278 576 1343 Sed
598 1284 635 1342 tu
657 1279 849 1362 Tirynthius
872 1277 969 1362 aller,

141 1365 342 1453 Florentine,
364 1367 458 1431 mihi:
481 1372 519 1431 tu
541 1390 612 1432 mea
634 1369 757 1452 plectra
780 1389 889 1432 moves
1088 1385 1123 1437 oo

97 1453 265 1538 Antraque
288 1454 455 1519 Musarum
477 1456 576 1542 longo
599 1456 763 1540 torpentia
785 1477 898 1520 somno

142 1542 279 1608 Fxoutis
301 1548 334 1607 et
356 1544 500 1627 placidos
524 1544 614 1608 duois
636 1545 671 1609 in
695 1545 772 1609 orbe
795 1544 920 1608 ohoros.

424 1834 545 1892 LIBER
570 1832 788 1892 SECVNDVS.

540 1965 673 2035 (xxxva

165 2074 299 2159 Impulit
321 2073 431 2139 Ionios
454 2075 631 2158 praemisso
654 2074 776 2139 lumine
798 2076 917 2139 fluetus
1008 2097 1013 2106 ·

98 2162 252 2229 Nondum
275 2186 356 2248 pura
379 2164 460 2247 dies3
482 2163 631 2228 tremulis
654 2163 802 2228 vibratur
823 2163 858 2227 in
880 2162 976 2228 undis

98 2252 206 2317 Ardor
229 2257 261 2316 et
285 2257 427 2317 errantes
450 2252 567 2316 ludunt
589 2274 647 2335 per
671 2252 797 2316 caerula
819 2253 976 2324 fiammae.

98 2340 241 2424 Iamque¹
255 2342 359 2405 audax
382 2340 480 2404 animi
503 2341 649 2424 fidaeque
672 2340 775 2404 oblita
797 2340 940 2424 parentis

99 2429 225 2493 Fraude
247 2429 391 2492 Dionaea
414 2429 527 2516 riguos
548 2428 743 2513 Proserpina
766 2429 869 2494 saltus
1110 2452 1127 2500 5

100 2515 169 2604 (sie
190 2517 311 2581 Pareae
333 2515 469 2604 iussere)
492 2518 583 2602 petit.
620 2517 682 2581 Ter
706 2518 833 2582 cardine
855 2539 948 2582 verso

99 2606 463 2693 Praesegumgeeeinere
485 2606 585 2691 fores3
607 2610 658 2670 ter
680 2607 808 2684 oonsoia
830 2606 891 2670 fati

99 2693 224 2759 Flebile
246 2694 398 2761 terrificis
421 2695 544 2782 gemuit
566 2695 747 2782 mugitibus
769 2694 883 2761 Aetna.

99 2783 210 2849 Nullis
232 2784 290 2848 illa
312 2789 421 2852 tamen
443 2784 598 2850 monstris
620 2784 775 2867 nulloque
798 2787 926 2848 tenetur

99 2873 262 2959 Prodigio.
300 2873 443 2942 Comites
465 2894 613 2959 gressum
636 2873 769 2939 irmxere
792 2893 927 2939 sorores.
1095 2894 1130 2949 ιο

166 2962 276 3026 Prima
300 2962 374 3026 dolo
398 2962 541 3049 gaudens
564 2965 597 3025 et
619 2965 712 3031 tanto
736 2961 862 3029 eonoita
884 2964 962 3024 voto

99 3048 132 3113 It
154 3050 265 3115 Venus
288 3055 321 3118 et
343 3054 456 3135 raptus
479 3050 613 3118 metitur
637 3050 731 3119 eorde
754 3050 896 3134 uteros,

99 3137 170 3202 Iam
193 3139 298 3203 dirum
320 3141 443 3204 flexura
466 3139 578 3222 chaos,
601 3138 666 3205 iam
689 3139 766 3203 Dite
789 3138 923 3206 subaoto

100 3226 230 3314 Ingenti
253 3228 393 3294 famulos
415 3227 527 3294 Manes
551 3226 686 3293 ductura
709 3226 882 3312 triumpho.

100 3315 156 3380 Illi
179 3316 357 3381 multifidos
380 3316 478 3383 erinis
502 3316 651 3385 sinuatur
673 3316 709 3381 in
732 3317 826 3380 orbes
1098 3339 1131 3387 15

99 3403 203 3468 idalia
226 3404 348 3469 divisus
371 3428 444 3491 aeu3
468 3405 583 3473 sudate
605 3405 722 3475 marito

92 3491 216 3558 Fibula
236 3516 421 3580 purpureos
443 3516 569 3582 gemma
594 3493 760 3578 suspendit
784 3492 930 3561 amiotus.
