2438 3832
131 163 175 229 84
461 156 609 212 CLAVDII
628 155 827 212 CLAVDIANI

130 325 169 390 ln
193 324 370 390 Stilichone
389 321 496 406 salus,
519 323 551 384 et
575 319 665 384 cuius
690 340 814 401 semper
837 317 988 382 acerbum

131 414 364 501 ingratumque
388 410 450 474 sibi
473 410 633 473 factorum
657 407 804 472 conscius
827 406 943 471 horror

134 503 276 568 Credidit
299 501 485 583 adventum,
510 519 604 580 quem
628 498 656 560 si
679 496 849 581 procedere
872 500 1001 560 tantum

131 591 271 675 Alpibus
295 589 472 672 audissent,
495 590 632 650 mortem
655 607 839 668 poenasque
862 584 1058 669 tremebant,
1096 599 1149 651 505

131 680 200 745 Iam
224 679 331 743 cuncti
354 677 480 741 venisse
502 675 630 758 volunt,
654 675 873 757 scelerumque
895 674 1040 757 priorum

131 768 296 852 Paenitet3
318 767 381 830 hoc
403 765 504 829 tantis
528 763 688 827 bellorum
712 763 800 826 sidus
822 763 858 827 in
880 763 974 826 undis

132 856 283 940 Sperant‚
306 856 368 919 hoc
390 853 511 936 pariter
533 852 611 916 iusti
636 856 809 934 sontesque
831 856 1015 934 precantur:

133 944 199 1010 Ceu
221 945 326 1028 pueri,
350 942 467 1025 quibus
491 941 557 1004 alta
580 945 672 1023 pater
694 945 785 1004 trans
808 961 948 1023 aequora
971 961 1091 1004 merces

131 1033 283 1117 Devehit,
305 1031 423 1095 intenti
446 1029 522 1093 ludo
547 1029 726 1112 studiisque
749 1029 849 1093 soluti
1096 1046 1150 1094 510

130 1122 244 1186 Latius
267 1124 375 1184 amoto
399 1118 520 1202 passim
544 1118 676 1182 custode
699 1121 872 1203 vagantur;

132 1209 167 1275 Si
190 1210 298 1296 gravis
322 1207 442 1272 auxilio
465 1229 583 1271 vacuas
605 1207 760 1271 invaserit
783 1206 876 1270 acdes
944 1247 945 1250 =

132 1298 267 1362 Vicinus
290 1297 477 1379 laribusque
501 1296 568 1359 suis
590 1295 761 1378 proturbet
784 1295 920 1380 inultos,

131 1385 215 1450 Tum
238 1384 365 1448 demum
388 1388 513 1467 patrem
535 1383 711 1466 implorant
735 1387 767 1446 et
789 1404 908 1447 nomen
930 1382 1018 1446 inani

131 1474 220 1538 Voce
243 1473 328 1536 cient
351 1472 536 1555 frustraque
560 1472 671 1536 000100
695 1471 736 1534 ad
758 1472 855 1535 litora
878 1471 1023 1536 tendunt.
1096 1487 1150 1536 515

200 1561 318 1625 Omnes
343 1560 501 1643 supplicio
525 1560 640 1646 dignos
663 1561 793 1643 letoque
817 1560 973 1645 fatentur,

133 1649 195 1726 Qui
218 1671 251 1712 se
275 1648 465 1713 tradiderint
487 1649 619 1712 famulis
642 1648 821 1714 Stilichone
843 1649 965 1714 relicto.

131 1739 251 1803 Mutati
274 1741 426 1821 stupuere
449 1737 503 1800 diu
527 1758 686 1820 sensuque
709 1737 841 1802 reducto

130 1827 293 1893 Paulatim
316 1825 439 1909 proprii
462 1825 620 1889 mirantur
642 1830 788 1891 monstra
811 1827 931 1890 firroris

131 1915 358 1998 Avertuntque
381 1913 492 1978 000100
516 1912 682 2000 (proiectis
706 1915 848 1979 fascibus
871 1915 983 1980 horret
1095 1932 1149 1982 520

130 2005 242 2069 Lictor
265 2008 297 2068 01
320 2002 457 2067 infames
480 2002 635 2067 labuntur
658 2008 773 2086 sponte
797 2002 952 2091 secures):

133 2092 251 2169 Quales
274 2091 381 2157 Aonio
405 2091 532 2155 Thebas
556 2091 726 2156 demente
749 2114 894 2156 reversae

132 2181 304 2246 Maenades
326 2181 455 2245 infectis
477 2179 622 2244 Pentheo
647 2181 803 2266 sanguine
826 2181 962 2266 thyrsis,

134 2269 215 2335 Cum
238 2271 344 2354 patuit
367 2273 502 2333 venatus
526 2273 620 2332 atrox
642 2270 802 2352 matrique
825 2274 969 2334 rotatum

133 2358 335 2441 Conspexere
359 2361 468 2441 caput,
491 2379 621 2442 gressus
646 2358 782 2444 caligine
805 2358 911 2443 figimt
1014 2438 1017 2445 Ι
1095 2375 1149 2424 505

131 2446 177 2510 Et
200 2447 323 2510 rabiem
347 2445 467 2509 desisse
490 2446 607 2510 dolent.
655 2446 740 2523 Quin
762 2447 912 2530 protinus
934 2448 1006 2529 ipsa

132 2534 249 2599 Tendit
272 2535 312 2598 ad
335 2532 463 2599 ltaliam
487 2536 623 2618 supplex
645 2534 773 2599 Aurora
795 2539 961 2618 potentem

132 2623 209 2687 Non
232 2623 329 2687 radiis
353 2623 500 2686 redimita
524 2645 661 2708 comam,
683 2646 751 2688 non
773 2625 920 2688 flammea
943 2622 1037 2687 vultu

132 2712 201 2776 Nec
225 2734 371 2776 croceum
394 2712 511 2775 vestita
535 2712 631 2797 diem3
655 2717 721 2777 stat
743 2713 841 2776 livida
864 2713 968 2797 luctu,

133 2799 245 2876 Qualis
269 2804 351 2884 erat,
374 2800 517 2886 Phrygio
541 2805 664 2886 tegeret
688 2824 761 2866 cum
783 2801 955 2867 Memnona
979 2802 1084 2865 busto.

134 2888 238 2965 Quam
261 2890 358 2953 simul
382 2889 514 2974 agnovit
538 2888 674 2954 Stilicho
698 2911 757 2954 nec
780 2912 876 2955 causa
899 2890 1036 2974 latebat,
1096 2907 1148 2957 531

134 2978 282 3062 Restitit3
305 2979 362 3042 illa
385 3001 516 3041 manum
539 2979 703 3043 victricem
727 2980 873 3063 amplexa
896 2983 1042 3044 moratur

132 3065 274 3149 Altaque
297 3068 351 3130 vix
374 3067 546 3132 lacrimans
569 3068 654 3132 inter
677 3069 815 3152 suspiria
838 3069 938 3133 fatur:

200 3156 356 3219 ‘Tantane
379 3160 412 3219 te
435 3157 539 3219 nostri
563 3161 715 3240 oeperunt
738 3158 843 3222 taedia
866 3157 1001 3222 mundi?

133 3243 186 3308 Sic
209 3266 259 3307 me
282 3244 459 3307 ludibrium
482 3244 612 3308 famulis
636 3246 799 3328 risumque
823 3247 978 3330 relinquis
1096 3261 1149 3311 535

132 3332 208 3395 Dux
231 3333 392 3415 quondam
415 3336 584 3415 rectorque
606 3334 719 3398 meus?
742 3335 907 3417 solamque
930 3335 1032 3399 tueris

132 3420 346 3503 Hesperiam?
370 3421 483 3485 domiti
506 3443 564 3485 nec
587 3425 619 3485 te
642 3425 717 3505 post
740 3423 825 3486 bella
848 3424 978 3506 tyranni

131 3508 269 3572 Cernere
290 3510 355 3573 iarn
379 3510 494 3575 licuit?
540 3509 593 3575 Sic
615 3515 649 3574 10
672 3511 807 3575 victoria
829 3513 924 3575 nobis
