2438 3832
93 164 295 220 CARMlNVM
313 162 440 219 MINOR.
463 163 737 232 coaPVscvuvm
758 183 780 220 c.
796 163 1009 220 XXX—XXXI.
1043 163 1109 228 247

506 432 605 488 xxxi.
626 431 707 502 (xc.)

354 563 553 624 EPISTVLA
574 563 630 623 ΑΙ)
655 563 854 624 snRuNAM.

96 682 225 767 Orphea
249 705 321 747 cum
343 684 465 766 primae
489 684 649 748 sociarent
671 683 803 748 numina
825 682 937 747 taedae

141 772 292 855 Ruraque
316 773 490 856 compleret
514 771 651 837 Thracia
673 772 776 836 festus
798 771 942 858 Hymen,

98 861 268 925 Certavere
291 861 376 925 ferae
399 861 641 945 picturataeque
664 861 823 947 volucreS,

142 949 237 1013 Dona
260 971 318 1014 suo
341 950 409 1014 vati
432 971 513 1033 quae
535 950 663 1034 potiora
686 950 812 1035 darent,

97 1038 222 1122 Quippe
246 1039 331 1103 antri
353 1061 524 1125 memores,
547 1043 657 1103 cautes
680 1038 737 1103 ubi
761 1061 854 1123 saepe
877 1059 1014 1104 sonorae
1095 1053 1114 1104 5

141 1127 361 1192 Praebuerant
384 1127 470 1192 dulci
492 1127 574 1192 mira
596 1127 724 1192 theatra
746 1127 843 1211 lyrae.

98 1215 253 1282 Caucasio
278 1217 431 1300 crystalla
454 1217 562 1281 ferunt
585 1217 623 1281 de
646 1216 764 1281 vertice
787 1217 911 1301 lynces,

144 1303 268 1389 Grypes
291 1305 495 1390 Hyperborei
517 1305 659 1389 pondera
682 1306 771 1369 fulva
795 1304 866 1370 soli.

97 1393 235 1458 auratae
257 1393 393 1458 Veneris
415 1398 510 1478 prato
533 1394 707 1478 perinane
731 1393 898 1459 columbae

99 1561 101 1565 y
142 1482 257 1547 Florea
274 1483 410 1552 ,conexis
434 1488 519 1549 serta
542 1484 645 1547 tulere
668 1482 764 1568 rosis,
1080 1501 1112 1548 ιο

97 1568 275 1655 Fractaque
298 1572 457 1636 nobilium
480 1573 578 1636 ramis
602 1573 720 1637 electra
743 1594 891 1637 sororum

145 1659 271 1744 Cycnus
295 1661 439 1725 oloriferi
461 1661 549 1725 vexit
572 1660 613 1724 ab
637 1683 729 1725 amne
752 1660 846 1746 Padi,

98 1749 143 1813 Et
166 1728 244 1814 N'ilo
266 1749 428 1836 Pygmaea
451 1772 547 1836 grues
570 1753 645 1833 post
668 1750 754 1814 bella
777 1771 923 1814 remenso

144 1835 206 1901 Ore
228 1837 341 1924 legunt
363 1837 467 1901 Rubri
490 1838 635 1923 germina
659 1859 731 1902 cara
753 1837 860 1903 maria.

97 1923 197 1991 Venit
220 1929 252 1989 et
275 1930 418 1990 extremo
440 1925 587 1990 Phoenix
609 1927 785 2012 longaevus
809 1926 849 1989 ab
872 1926 964 1992 Euro
1081 1941 1114 1992 15

143 2014 329 2098 Adportans
351 2036 434 2079 unco
459 2015 605 2079 cinnama
627 2036 700 2080 rara
722 2014 810 2097 pede.

98 2101 199 2168 Nulla
222 2103 329 2168 avium
351 2104 572 2187 pecudumque
594 2103 670 2188 fuit,
694 2125 775 2186 quae
797 2104 880 2168 ferre
901 2109 1036 2192 negaret

142 2191 293 2278 Vectigal
315 2192 448 2256 meritae
471 2192 640 2257 conubiale
663 2193 760 2275 lyrae.

98 2368 189 2434 Tunc
213 2369 330 2453 opibus
352 2373 488 2452 totoque
509 2368 676 2433 Heliconis
701 2368 812 2435 sedula
834 2391 937 2456 regno

144 2457 289 2522 Ornabat
310 2458 475 2542 propriam
500 2457 663 2542 Calliopea
685 2480 811 2523 nurum.
1080 2476 1116 2526 20

98 2544 208 2631 Ipsam
230 2550 396 2630 praeterea
419 2546 581 2611 dominam
604 2547 765 2612 stellantis
789 2545 919 2632 Olympi

143 2636 196 2700 Ad
217 2636 287 2699 nati
310 2636 471 2700 thalamos
495 2657 572 2700 ausa
595 2658 709 2724 rogare
732 2657 857 2719 parens.

98 2723 168 2790 Nec
192 2724 313 2808 sprevit
336 2725 446 2811 regina
469 2725 564 2789 deum
585 2725 638 2790 vel
660 2724 774 2790 matris
796 2724 920 2790 honore

144 2812 206 2877 Vel
228 2814 315 2877 iusto
339 2815 422 2878 vatis
445 2813 541 2878 ducta
563 2813 674 2878 favore
696 2812 756 2897 pii,

100 2900 163 2977 Qui
187 2901 250 2965 sibi
273 2903 468 2967 carminibus
490 2902 611 2966 totiens
633 2902 828 2966 lustraverat
851 2923 924 2966 aras
1080 2917 1116 2967 ab

144 2988 278 3055 Iunonis
301 2991 419 3054 blanda
441 2989 574 3055 numina
596 3012 676 3055 voce
698 3011 814 3054 canens

99 3079 290 3163 Proeliaque
313 3080 445 3144 altisoni
467 3079 609 3143 referens
631 3079 809 3164 Phlegraea
832 3079 955 3164 mariti,

145 3169 298 3233 Titanum
320 3169 439 3233 fractas
462 3167 680 3252 Enceladique
703 3167 815 3232 minas.

98 3255 193 3322 llicet
216 3257 356 3322 adventu
377 3261 506 3322 noctem
529 3256 661 3344 dignata
683 3256 826 3344 iugalem

144 3346 277 3411 Addidit
300 3346 454 3433 augendis
477 3367 611 3410 munera
634 3368 724 3410 sacra
747 3346 842 3430 toris,
1082 3364 1118 3414 30

99 3433 236 3500 Munera
258 3435 411 3499 mortales
434 3458 501 3500 non
524 3435 727 3499 admittentia
750 3434 871 3519 cultus,

145 3523 292 3610 Mrmera‚
316 3546 397 3607 quae
420 3525 508 3589 solos
531 3524 581 3588 fas
604 3523 756 3588 habuisse
779 3523 863 3588 deos.
