2438 3832
99 146 165 210 136
429 141 576 198 CLAVDII
594 141 794 198 CBAVDIANI

101 309 246 374 Flectere
268 329 336 373 non
359 305 469 372 odium
493 306 591 393 cogit,
611 327 679 373 non
701 305 807 392 gratia
830 306 951 373 suadet.

100 397 187 464 Nam
211 400 336 482 spretas
360 396 432 480 quis
456 417 534 479 opes
555 396 742 479 intactaque
764 398 899 479 pectora
918 394 1010 462 luero

103 485 361 553 Commemorat?
396 485 535 550 fuerint
553 484 627 549 aliis
648 484 731 552 haec,
750 484 835 550 forte
859 483 981 552 decori:
1066 501 1121 554 215

100 575 202 642 Nulla
224 578 335 660 potest
356 574 429 639 laus
451 595 522 638 esse
543 573 615 658 tibi,
641 595 725 656 quac
746 573 881 640 crimine
901 577 1027 661 purget.

102 663 215 730 Servat
237 664 429 728 inoffensam
451 662 563 728 diuina
581 662 740 729 modestia
761 684 887 730 vocem:

101 752 302 836 Temperiem
325 751 576 837 servant-oculu
598 773 658 816 nec
680 751 803 817 lumine
825 751 934 818 feruor

101 841 241 926 Asperat
265 844 321 906 aut
343 841 474 906 rabidas
496 840 655 907 suffundit.
676 840 832 926 sanguine
854 861 951 907 renas

99 930 265 1013 Nullaque
287 929 405 996 mutati
427 933 603 1014 tempestas
625 929 774 1014 proditur
797 928 872 995 oris.
1066 947 1119 999 rao

102 1020 188 1098 Quin
211 1019 308 1084 etiam
332 1022 442 1083 sontes
465 1018 599 1102 expulsa
622 1017 758 1104 corrigis
779 1017 828 1085 ‘ua
962 1082 964 1087 .

101 1109 146 1174 let
169 1108 315 1193 placidus
338 1107 455 1172 delicta
478 1107 603 1192 domas3
625 1129 685 1171 nec
708 1107 859 1172 dentibus
881 1129 1036 1192 umquam

101 1196 260 1281 Instrepis
283 1197 489 1282 horrendum,
511 1196 643 1262 fremitu
664 1217 724 1261 nec
747 1195 881 1263 verbero
902 1197 1019 1282 poecis

169 1286 232 1363 Qui
254 1285 375 1352 fruitur
397 1308 510 1371 poena,
532 1285 621 1351 ferus
644 1288 696 1349 est
715 1284 888 1370 legumque
910 1286 1038 1352 videtur

100 1374 287 1439 Vindictam
308 1378 473 1458 praestare
496 1373 572 1459 sibi3
595 1395 668 1438 cum
691 1372 813 1439 viscera
835 1373 912 1439 felle
1065 1391 1120 1442 aas

102 1462 308 1547 (frenduerint,
331 1462 425 1527 ardet
445 1461 585 1528 stimulis
609 1462 777 1546 ferturque
797 1464 934 1529 nocendi

100 1551 271 1639 Prodigus,
293 1551 426 1637 ignarus
451 1573 578 1616 causae:
601 1550 651 1615 dis
673 1550 841 1634 proximus
862 1552 929 1638 ille,

103 1640 205 1717 Quem
228 1639 322 1721 ratio,
343 1661 411 1704 non
432 1639 483 1704 ira
502 1643 621 1724 movet,
644 1639 701 1723 qui
723 1640 809 1705 facta
832 1641 1009 1725 rependens

103 1727 246 1794 Consilio
269 1728 388 1813 punire.
406 1733 523 1813 potest.
568 1727 726 1795 Mucrone
747 1733 880 1795 cruento

101 1816 142 1884 Se
165 1817 286 1883 iactent
309 1818 374 1904 elii,
398 1817 550 1883 studeant
571 1817 700 1884 feritate
723 1817 830 1883 timeri
1064 1837 1120 1887 aee

99 1905 303 1990 Addictoque
325 1907 494 1972 hominum
517 1906 681 1972 cumulent
704 1905 826 1971 aeraria
850 1929 955 1973 censu.

99 1996 187 2060 Lene
210 1996 282 2061 fluit
304 1995 411 2082 Nilus,
435 1995 491 2060 sed
513 1996 637 2061 cunctis
661 1995 810 2060 amnibus
833 1999 922 2061 extat

99 2083 223 2149 Vtilior
244 2084 336 2149 nullo
360 2085 527 2150 confessus
550 2105 713 2150 murmure
735 2084 835 2170 vires3

99 2172 216 2238 Acrior
239 2195 275 2237 ac
298 2174 429 2258 rapidus
451 2173 569 2238 tacitas
591 2176 804 2256 praetermeat
826 2172 941 2260 ingens

99 2262 268 2327 Danuvius
291 2263 391 2348 ripas3
414 2262 524 2326 eedem
547 2261 716 2327 clementia
740 2261 811 2327 sani
1063 2279 1118 2330 235

101 2349 247 2437 Gurgitis
269 2351 451 2415 inmensum
474 2350 601 2415 deducit
623 2350 658 2415 in
682 2349 769 2415 ostie.
790 2348 932 2449 Gangen

99 2439 273 2503 Torrentes
295 2439 423 2503 inmane
446 2438 585 2505 frement
607 2437 766 2521 lassisque
789 2439 953 2506 minentur

97 2527 261 2592 Pontibus
282 2531 315 2590 et
337 2527 470 2592 volvant
494 2549 645 2611 spumoso
668 2528 788 2591 vertice
812 2527 923 2594 silvas:

99 2615 168 2679 Pax
192 2615 315 2680 maiora
338 2616 442 2702 decet;
463 2615 591 2702 peragit
613 2616 790 2699 tranquille
813 2620 972 2702 potestas,

100 2704 194 2782 Quod
216 2705 359 2769 violenta
380 2705 503 2790 nequit,
525 2704 739 2788 mandataque
762 2706 882 2772 fortius
903 2709 1000 2792 urget
1064 2723 1119 2774 240

96 2791 275 2878 Imperiosa
298 2794 398 2878 quies.
964 2805 965 2809 ’

446 2880 535 2948 Idem
557 2881 734 2966 praedurus
757 2882 885 2965 iniquas

97 2969 269 3055 Accepisse
292 2993 412 3056 preces,
435 2993 559 3056 uirtus„
580 2993 662 3054 quae
685 2970 783 3057 digna
804 2972 918 3057 petitu,

96 3060 234 3147 Largior
258 3065 290 3125 et
313 3059 432 3145 facilis3
454 3081 514 3124 nec
538 3082 620 3143 quae
642 3059 816 3126 comitatur
838 3061 986 3147 honores,

96 3148 188 3213 Ausa
211 3153 301 3214 tuam
323 3149 439 3214 leviter
461 3151 620 3231 temptare
645 3149 795 3231 superbia
817 3154 966 3217 mentem

95 3236 201 3302 Frons
223 3239 350 3323 privata
372 3241 482 3302 manet
504 3259 563 3301 nec
586 3258 620 3302 se
643 3238 798 3302 meruisse
822 3238 952 3325 fatetur,
1062 3257 1116 3308 rto

96 3325 184 3403 Quae
208 3328 345 3392 crevisse
367 3330 477 3412 putat3
503 3325 599 3412 rigidi
623 3325 677 3389 sed
700 3325 795 3408 plena
818 3327 951 3410 pudoris

164 3524 219 3573 238
240 3522 269 3573 et
288 3519 417 3592 volvant]
437 3520 566 3589 Berrau-
585 3519 613 3572 et
631 3517 737 3586 volvat,
756 3516 911 3574 involvant.
