2438 3832
112 144 181 235 246
442 145 589 202 CLAVDII
607 146 805 203 CLAVDIANI

115 309 267 376 Contenti
289 309 420 374 meliore
443 331 540 375 manu
563 333 695 394 seseque
717 315 882 396 ratemque
1058 327 1128 377 205²

112 401 217 466 Unius
241 398 384 482 imperiis
407 399 552 483 tradunt,
575 403 739 483 artemque
761 422 879 484 pavore
1057 410 1126 466 205¹>

114 488 287 554 Confessae
309 488 406 552 finem
429 487 545 552 studiis
567 488 670 553 fecere
691 490 864 573 procellae:

113 577 210 646 Haud
232 576 326 640 aliter
349 575 497 661 Stilicho,
519 577 650 641 fremuit
673 599 746 642 cum
769 577 905 643 Thracia
927 580 1006 645 belli

113 667 315 750 Tempestas,
338 666 461 730 cunctis
483 665 604 749 pariter
627 665 812 730 cedentibus
834 690 918 732 unus

112 755 257 841 Eligitur
279 754 405 840 duct0r3
428 754 586 840 suffragia·
606 755 723 838 quippe
746 756 870 842 peregit

112 842 212 908 Iudex
234 865 309 907 vera
332 843 442 929 tim0r3
464 843 569 907 victus
592 844 717 907 ratione
741 845 855 908 salutis
1071 866 1124 914 210

110 932 265 997 Ambitus
288 936 321 995 et
342 932 456 1014 pulsus
478 932 578 995 iacuit
600 931 771 996 formidine
793 934 885 998 livor.

179 1021 258 1099 Quis
293 1021 355 1086 tibi
391 1025 469 1085 tunc
504 1042 561 1103 per
592 1021 735 1085 membra
766 1025 887 1087 tremor
920 1029 1122 1109 quantaeque

180 1138 182 1143 .
394 1174 398 1180 ,
756 1110 912 1176 cadebant

111 1199 261 1265 Vbertim
283 1198 445 1283 lacrimae,
469 1219 541 1262 cum
565 1220 658 1263 saeva
681 1200 872 1264 vocantibus
896 1223 984 1265 arma

87 1288 181 1353 lam
203 1287 294 1352 lituis
316 1286 443 1351 madido
466 1291 651 1371 respectans
673 1288 794 1352 lumine
816 1290 927 1353 vultus

112 1377 248 1462 Optares
271 1376 418 1439 reducem
440 1376 613 1461 galeaeque
636 1377 756 1440 inserta
778 1377 896 1443 minaci
1071 1397 1123 1447 215

112 1465 230 1531 Oscula
253 1465 378 1528 cristati
400 1485 527 1547 raperes
550 1464 668 1528 festina
690 1465 811 1529 mariti!

26 1592 28 1597 <
112 1554 236 1619 Gaudia
259 1574 340 1636 quae
362 1573 487 1637 rursus,
510 1575 584 1617 cum
605 1547 680 1636 pest
702 1553 846 1619 victricia
868 1555 999 1621 tandem

115 1642 257 1711 Classica
280 1641 418 1705 sidereas
441 1641 596 1706 ferratum
617 1646 730 1725 pectus
752 1643 788 1706 in
809 1643 903 1707 ulnas

111 1732 299 1816 Exciperes‚
322 1734 428 1794 castae
451 1733 524 1794 tuto
546 1752 603 1814 per
626 1730 732 1795 dulcia
754 1732 859 1796 noctis

111 1820 187 1886 Otia
208 1842 390 1906 pugnarum
413 1819 528 1883 seriem
550 1841 679 1884 narrare
701 1819 841 1884 iuberes!

111 1909 188 1976 Non
210 1909 268 1973 illo
290 1907 412 1972 nitidos
434 1929 588 1990 umquam
609 1908 751 1973 bellante
775 1909 909 1992 capillos

112 1999 257 2082 (lomere,
278 2018 346 2061 non
368 1997 483 2061 solitos
505 2018 704 2083 gemmarum
727 2019 851 2061 sumere
874 1999 996 2064 cultus:

69 2131 71 2134 >
109 2086 307 2153 Numinibus
329 2086 478 2168 votisque
500 2107 594 2149 vacas
617 2089 650 2149 et
673 2086 817 2170 supplice
840 2087 926 2151 crine

110 2176 221 2241 Verris
244 2176 390 2240 humum:
414 2173 530 2238 teritur
551 2174 715 2260 neglectae
738 2175 843 2261 gratia
866 2175 988 2241 formae

112 2264 193 2331 Cum
214 2264 345 2348 proprio
369 2263 510 2327 reditura
532 2263 610 2327 viro.

663 2350 732 2417 Nec
755 2351 861 2417 deside
884 2375 960 2416 cura
1070 2373 1124 2423 aas

107 2442 226 2529 Segnis
248 2444 368 2505 marcet
392 2461 496 2503 amor:
519 2440 647 2504 laudem
668 2441 837 2523 prudentia
860 2442 938 2505 belli

108 2531 259 2596 Feminea
281 2551 340 2613 pro
363 2533 455 2612 parte
479 2528 574 2592 subit.
611 2528 698 2593 Dum
720 2529 871 2614 gentibus
894 2530 950 2594 ille

112 2619 265 2706 Confligit
272 2672 280 2704 ‚
302 2617 396 2704 vigili
418 2621 455 2681 tu
477 2617 635 2700 prospicis
659 2618 766 2681 omnia
789 2640 898 2703 sensu,

110 2707 160 2775 Ne
184 2708 261 2791 quid
282 2708 317 2771 in
340 2707 506 2772 absentem
528 2706 704 2770 virtutibus
727 2706 822 2770 obvia
845 2729 970 2791 semper

110 2795 237 2861 Audeat
259 2796 397 2861 invidiae
419 2796 525 2862 rabies
547 2817 610 2860 neu
632 2795 740 2859 fervor
761 2795 908 2881 iniquus,

110 2885 161 2952 Ne
185 2907 247 2969 qua
269 2886 383 2968 procul
405 2886 521 2968 positis
544 2886 632 2949 furto
656 2884 834 2949 subsederit
858 2886 955 2950 armis

112 2974 280 3040 Calliditas
302 2973 450 3038 nocitura
473 2972 567 3036 domi.
604 2973 653 3036 Tu
677 2973 786 3047 sedula
809 2973 971 3056 quondam

110 3065 230 3129 Rufino
252 3062 427 3127 meditante
450 3060 554 3144 nefas,
578 3083 650 3125 cum
674 3067 839 3145 quaereret
862 3065 948 3126 artes

109 3152 150 3217 ln
172 3153 262 3217 ducis
285 3152 419 3216 exitium
442 3150 689 3233 coniuratosque
711 3150 834 3215 foveret

113 3242 234 3307 Contra
256 3241 323 3326 pila
347 3239 459 3324 Getas,
481 3243 589 3303 motus
612 3239 727 3304 rimata
748 3239 887 3303 latentes
1071 3261 1126 3312 235

110 3330 273 3396 Mandatis
295 3328 505 3395 tremebunda
528 3329 633 3392 virum
656 3328 847 3411 scriptisque
870 3329 1033 3396 monebas.

177 3477 250 3524 206⁸
260 3471 420 3540 ratemque]
435 3469 581 3524 Livineius
585 3491 596 3536 ‚·
608 3469 783 3538 patremque.
827 3476 999 3524 2141um1ne
1015 3471 1123 3545 vultus]

126 3541 212 3609 ragam}
227 3539 343 3597 lumina
364 3543 456 3599 vultu.
