2438 3832
141 157 203 224 106
467 156 613 213 CLAVDII
632 155 829 212 CLAVDIANI

137 321 304 385 Turiferos
328 320 453 384 Arabes
478 321 595 404 saltus,
618 318 699 383 vada
724 318 839 402 Caspia
862 318 962 402 Medi,

136 407 282 475 Armenii
305 409 440 494 Phasin,
462 408 577 473 Parthi
600 409 723 491 liquere
745 407 919 490 Niphaten.

204 497 291 575 Quae
319 498 380 562 tibi
403 503 474 561 tum
497 496 612 560 Martis
636 497 741 560 rabies
771 500 975 579 quantusque
999 500 1154 582 sequendi

135 586 243 651 Ardor
266 588 357 651 erat?
381 592 502 670 quanto
525 586 708 672 flagrabant
731 590 862 669 pectora
884 589 962 649 voto

136 675 273 760 Optatas
297 676 406 739 audire
428 676 526 739 tubas
550 675 717 758 campique
741 677 872 737 cruenta
1119 695 1152 744 75

135 763 339 848 Tempestate
362 763 426 828 frui
449 763 637 846 truncisque
659 763 837 849 inmergere
860 762 1012 845 plantas?

135 852 181 916 Vt
204 852 269 938 leo,
293 875 388 937 quem
411 852 519 917 fulvae
541 852 655 915 matris
679 852 832 935 spelunca
854 852 986 937 tegebat

134 941 298 1005 Vberibus
323 941 455 1005 solitum
478 941 581 1026 pasci,
605 963 677 1005 cum
701 962 841 1004 crescere
865 941 966 1005 sensit

133 1028 250 1116 Vngue
273 1031 369 1114 pedes
393 1035 425 1094 et
448 1034 541 1116 terga
563 1029 649 1093 iubis
673 1033 705 1093 et
729 1029 878 1093 dentibus
903 1051 972 1114 ora,

133 1118 203 1183 lam
225 1124 323 1206 negat
346 1119 493 1183 imbelles
517 1120 628 1203 epulas
652 1124 684 1182 et
708 1140 787 1200 rupe
810 1118 922 1182 relicta
1116 1138 1151 1188 80

134 1207 271 1272 Gaetulo
296 1230 401 1272 comes
425 1208 471 1272 ire
494 1208 580 1292 patri
604 1206 805 1289 stabulisque
828 1207 944 1271 minari

132 1293 271 1361 Aestuat
295 1302 327 1361 et
351 1297 428 1360 celsi
450 1297 528 1360 tabo
552 1296 681 1360 sordere
704 1295 838 1359 iuvenci.
1071 1376 1077 1382 .

133 1383 193 1448 Ille
216 1390 304 1449 vetat
328 1407 498 1467 rerumque
521 1385 583 1449 tibi
608 1384 808 1449 commendat
832 1384 974 1449 habenas

131 1473 176 1537 Et
200 1496 291 1538 sacro
314 1473 447 1537 meritos
471 1478 565 1537 ornat
589 1473 767 1537 diademate
791 1473 903 1538 crines.

132 1562 299 1645 Tantaque
323 1584 356 1625 se
379 1562 514 1626 rudibus
537 1562 641 1646 pietas
666 1561 807 1625 ostendit
829 1562 864 1625 in
887 1563 994 1648 annis,
1114 1584 1149 1633 85

132 1649 185 1715 Sic
209 1655 298 1714 aetas
322 1651 429 1715 animo
454 1651 563 1736 cessit,
587 1654 797 1734 quererentur
820 1655 857 1714 ut
881 1673 991 1716 omnes

131 1737 307 1823 Imperium
330 1740 391 1804 tibi
416 1762 487 1804 sero
511 1735 630 1804 datum.

670 1827 816 1892 Victoria
839 1829 933 1893 velox

130 1914 293 1999 Auspiciis
317 1918 430 1981 effecta
452 1917 527 1982 tuis.
573 1916 749 2002 Pugnastis
772 1922 923 2000 uterque:

130 2004 179 2068 Tu
202 2005 279 2069 fatis
302 2006 494 2092 genitorque
517 2028 622 2070 manu
669 2004 714 2069 'le
737 2010 869 2089 propter
893 2011 924 2069 et
947 2005 1048 2092 Alpes

129 2093 241 2157 Invadi
264 2095 375 2159 faciles
399 2099 494 2159 cauto
517 2117 575 2159 neo
598 2094 722 2178 profuit
745 2093 833 2157 hosti
1112 2117 1147 2165 90

128 2183 264 2247 Munitis
288 2184 430 2248 haesisse
453 2184 547 2253 locis:
571 2205 644 2266 spes
667 2183 766 2246 inrita
788 2183 866 2246 valli

131 2271 279 2337 Concidit
303 2278 334 2336 et
359 2273 500 2356 scopulis
523 2275 698 2356 patuerunt
721 2272 862 2335 claustra
885 2273 1030 2338 revulsis.

128 2360 173 2424 Te
196 2365 329 2444 propter
351 2361 467 2446 gelidis
489 2359 611 2443 Aquilo
636 2359 673 2423 de
697 2364 807 2424 monte
829 2362 981 2444 procellis

128 2447 246 2511 Obruit
269 2448 418 2512 adversas
442 2448 526 2512 acies
549 2448 759 2532 revolutaque
782 2450 848 2513 tela

126 2536 235 2601 Vertit
258 2536 292 2600 in
315 2542 462 2601 auctores
486 2543 518 2601 et
541 2537 671 2601 turbine
694 2538 835 2621 reppulit
858 2538 978 2604 hastas
1107 2559 1143 2608 95

127 2624 154 2688 Ο
178 2625 314 2689 nimium
337 2626 451 2690 dilecte
475 2627 547 2712 dec,
571 2626 621 2690 cui
645 2626 752 2689 fundit
775 2627 815 2689 ab
840 2628 942 2691 antris

125 2714 248 2778 Aeolus
272 2720 412 2779 armatas
436 2715 571 2799 hiemeS‚
595 2714 646 2778 cui
668 2714 788 2778 militat
812 2716 923 2780 aether

125 2804 170 2867 Et
195 2804 353 2868 coniurati
376 2804 509 2868 veniunt
533 2803 573 2866 ad
596 2803 729 2867 classica
751 2804 848 2868 venti.

127 2892 266 2976 Alpinae
290 2893 427 2956 rubuere
450 2893 554 2977 nives,
578 2897 609 2956 et
632 2891 783 2978 Frigidus
807 2893 910 2957 amnis

125 2980 262 3045 Mutatis
286 2982 422 3046 fumavit
446 2981 538 3064 aquis
562 2981 722 3064 turbaque
746 2981 914 3046 cadentum
1092 3001 1144 3051 loo

126 3069 246 3156 Staret,
269 3071 303 3134 ni
327 3070 458 3153 rapidus
481 3070 616 3135 iuvisset
639 3069 772 3133 flumina
796 3072 936 3157 sanguis.

191 3158 237 3223 At
260 3160 348 3223 ferus
371 3159 521 3230 inventur
545 3160 699 3223 scelerum
722 3158 892 3223 traiecerat
916 3160 1018 3224 altum

125 3246 202 3311 Non
225 3271 290 3312 uno
313 3270 466 3312 mucrone
489 3248 590 3333 latus,
614 3247 794 3330 duplexque
818 3250 949 3332 tepebat

122 3335 236 3421 Ensis,
260 3342 291 3400 et
315 3336 447 3401 ultrices
470 3336 505 3400 in
529 3358 563 3400 se
587 3340 787 3400 converterat
810 3336 875 3400 iras

123 3423 264 3489 'landem
287 3426 374 3489 iusta
397 3448 520 3490 manus.
566 3423 636 3488 Iam
658 3423 808 3488 libertate
831 3427 976 3512 reducta,
1091 3444 1142 3493 105

124 3512 278 3586 Quamvis
302 3513 472 3578 emeritum
493 3518 618 3600 peteret
641 3517 757 3577 natura
780 3515 897 3579 reverti
