2438 3832
270 149 326 219 (V.)
345 149 384 204 IN
402 149 569 205 RVFINVM
589 151 698 206 LIBER
716 151 914 209 SECVNDVS.
1054 154 1098 218 23

441 405 496 476 IN
524 404 747 478 RVFINVM

498 583 621 642 LIBER
644 584 683 643 ΙΙ.

566 716 626 785 (V.)

150 839 220 906 lam
243 844 319 926 post
342 841 499 907 edomitas
522 839 623 926 Alpes
647 842 840 928 defensaque
862 868 962 932 regna

82 929 260 1015 Hesperiae
282 931 398 995 merita
421 931 606 1015 complexus
627 931 700 995 sede
722 938 888 1017 parentem

81 1018 220 1084 Auctior
242 1018 366 1083 adiecto
389 1019 546 1106 fulgebat
560 1019 663 1083 sidere
685 1021 833 1107 mundus,

82 1106 217 1192 Iamque
239 1107 319 1194 tuis,
343 1106 494 1194 Stilicho,
516 1108 664 1172 Romana
685 1110 832 1193 potentia
855 1111 939 1174 euris

81 1196 129 1261 Et
151 1218 259 1261 rerum
283 1196 473 1261 commissus
496 1218 592 1282 apex,
614 1196 677 1260 tibi
700 1198 821 1262 credita
843 1198 980 1262 fratrum
1083 1215 1099 1264 5

81 1284 230 1369 Utraque
252 1284 405 1349 maiestas
428 1285 638 1372 geminaeque
661 1285 821 1350 exercitus
844 1287 944 1351 aulae.

82 1373 222 1438 Rufinus
245 1371 363 1460 (neque
386 1375 472 1439 enim
494 1374 663 1458 patiuntur
686 1396 780 1439 saeva
803 1375 944 1458 quietem

84 1461 227 1526 Crimina
248 1462 456 1546 pollutaeque
478 1466 600 1549 negant
622 1483 765 1527 arescere
788 1461 910 1551 fauces)

81 1549 228 1615 Infandis
250 1551 370 1614 iterum
391 1555 495 1615 terras
518 1550 689 1615 accendere
711 1550 807 1615 bellis

82 1638 219 1704 Inchoat
243 1642 275 1703 et
298 1639 396 1704 solito
419 1660 531 1724 pacem
553 1660 668 1703 vexare
691 1639 844 1704 tumultu.
1049 1656 1101 1705 .1o

83 1727 173 1792 Haec
196 1727 293 1792 etiam
317 1749 438 1791 secum:
462 1725 625 1803 ‘Quanam
648 1727 773 1792 ratione
796 1729 912 1792 tuebor

84 1814 181 1900 Spem
202 1815 289 1879 vitae
311 1815 483 1902 fragilem?
521 1837 584 1898 qua
606 1819 658 1879 tot
681 1816 839 1901 depellere
861 1817 979 1880 fluctus

83 1904 164 1968 Arte
188 1904 325 1987 queam?
356 1904 491 1968 Premor
513 1903 590 1967 hinc
613 1903 709 1990 odiis,
731 1905 807 1969 hinc
829 1904 932 1968 milite
956 1904 1077 1990 cingor.

82 1992 157 2057 Heu
181 1992 258 2075 quid
281 1993 397 2078 agam?
429 2014 496 2056 non
519 2013 608 2056 arma
630 1993 725 2078 mihi,
746 2015 813 2057 non
834 1993 989 2077 principis
1012 1993 1101 2057 ullus

81 2080 270 2145 Auxiliatur
293 2102 391 2144 amor.
436 2080 566 2144 Matura
588 2081 731 2165 pericula
754 2085 891 2167 surgimt
1067 2097 1100 2146 15

82 2169 234 2253 Vndique
258 2172 291 2232 et
312 2169 458 2254 impositi
480 2169 608 2233 radiant
631 2169 808 2233 cervicibus
832 2191 932 2233 enses.

83 2256 169 2334 Quid
191 2261 307 2343 restat,
328 2257 393 2321 nisi
416 2261 532 2322 cuncta
552 2279 638 2322 novo
662 2256 857 2321 confimdere
879 2258 970 2320 luctu

82 2344 298 2430 lnsontesque
321 2368 410 2410 meae
433 2345 572 2430 populos
595 2345 729 2409 miscere
752 2345 886 2410 ruinae?

82 2433 208 2499 Everso
231 2435 321 2500 iuvat
345 2434 423 2498 orbe
445 2433 542 2519 mori3
566 2433 686 2498 solacia
708 2434 774 2498 leto

83 2522 232 2589 Exitium
254 2544 422 2587 commune
446 2521 537 2588 dabit
558 2544 618 2586 nec
640 2522 774 2586 territus
798 2527 872 2587 ante
1066 2541 1101 2590 20

83 2611 268 2677 Discedam:
293 2633 365 2675 cum
387 2611 459 2675 luce
483 2609 580 2675 simul
602 2610 778 2694 linquenda
799 2613 970 2696 potestas'.

150 2699 240 2764 Haec
262 2700 364 2785 fatus,
385 2699 492 2765 ventis
513 2699 616 2764 ueluti
639 2699 667 2763 si
689 2700 781 2764 frena
802 2700 944 2765 resolvat

83 2788 221 2874 Aeolus,
243 2788 382 2873 abrupto
405 2792 519 2875 gentes
542 2787 590 2854 sic
612 2787 704 2852 obice
725 2788 810 2853 fudit

82 2876 284 2961 Laxavitque
306 2876 392 2942 viam
414 2876 511 2941 bellis
533 2879 580 2963 et,
601 2898 643 2941 ne
666 2899 730 2961 qua
751 2880 895 2941 maneret

82 2964 231 3030 Inmunis
253 2965 358 3053 regio,
381 2965 504 3030 cladem
526 2964 636 3029 divisit
659 2965 694 3030 in
717 2966 828 3029 orbem
1065 2982 1096 3030 aa

83 3054 319 3139 Disposuitque
340 3055 440 3120 nefas.
485 3052 553 3119 Alii
575 3076 633 3138 per
655 3058 747 3140 terga
769 3054 887 3118 ferocis

83 3143 226 3208 Danuvii
250 3143 388 3208 solidata
410 3147 510 3208 ruunt
533 3146 728 3227 expertaque
750 3164 857 3207 remos

82 3231 254 3319 Frangunt
278 3235 394 3319 stagna
416 3232 511 3317 rotis3
535 3231 590 3295 alii
612 3253 670 3316 per
694 3230 811 3315 Caspia
834 3230 976 3294 claustra

83 3319 320 3404 Armeniasque
341 3320 432 3386 nives
454 3319 587 3404 inopino
610 3319 740 3384 tramite
764 3318 851 3382 ducti

82 3407 246 3475 Invadunt
269 3406 412 3473 Orientis
436 3430 521 3493 opes.
566 3405 636 3472 lam
658 3429 778 3492 pascua
800 3407 927 3471 fumant
1066 3424 1100 3472 30

84 3497 313 3582 Cappadocum
334 3497 566 3580 uolucrumque
588 3517 705 3581 parens
728 3493 881 3584 Argaeus
899 3517 1072 3581 equorum,
