2438 3832
364 139 647 197 ADNOTATIONES
666 140 841 196 carrione,
1023 141 1115 196 XXIII

163 302 284 355 ornatus
303 302 355 370 est,
374 299 562 370 persequaris,
579 299 679 354 vitium
699 299 771 354 illud
789 300 951 356 traditionis
971 317 1109 370 agnoscas

162 387 280 426 necesse
300 374 350 426 est.
384 371 501 425 tertium
519 372 596 426 enim
616 371 693 440 quod
715 371 820 426 dicitur
842 372 1061 442 comparationis
1080 372 1110 426 in

162 442 257 497 verbis
275 444 337 498 Illa
351 450 435 512 pacet
453 443 581 513 strepitur
670 450 695 498 et
714 445 785 498 tenti
803 446 924 499 miratur
936 446 1020 499 sibila
1033 445 1111 514 culpi

160 513 287 584 positum
296 530 358 568 esse
368 515 431 582 quis
440 530 497 567 non
507 514 658 568 concedet?
683 513 914 584 desiderariergo
924 517 953 568 in
962 531 1045 569 versu
1056 520 1109 568 393

162 601 261 639 rocem
279 584 369 639 talem
387 585 501 653 qualem
520 584 665 640 ‘clamore'
685 585 715 638 in
733 586 883 654 propatulo
903 589 959 654 est,
983 585 1012 639 id
1033 585 1110 654 quod

162 656 332 710 confirmant
348 674 374 712 v.
390 659 444 710 384
453 673 493 724 sq.
519 656 606 710 verba
626 672 680 711 oca
703 658 817 726 desuper
840 659 936 728 luperca
958 658 1110 720 infremuit.

162 728 259 795 itaque
279 727 316 781 ad
335 727 525 781 coniecturam
544 721 677 796 delegati,
697 731 764 795 quin
782 727 875 796 Ieepio
895 727 1109 796 adsentimmnr,

165 799 259 852 lacere
278 814 335 852 non
352 797 506 867 potuimus.

84 874 143 924 1525
163 871 318 950 ipsamque]
333 868 438 923 Birtius
452 868 608 938 proposuit,
621 876 795 940 matrumque
810 869 900 938 codd,
915 869 992 938 quod
1006 869 1112 924 aniure

163 939 387 1008 repudraverim,
414 957 489 993 nuno
508 938 616 995 dubito.
653 939 687 995 cf.
708 941 783 994 enim
801 941 886 1011 Rapt.
905 940 966 994 Iar
977 957 1017 1009 sq.
1041 941 1112 996 Pro·

161 1014 276 1081 sapiae
291 1054 296 1066 .
309 1055 314 1067 .
325 1013 448 1082 possedit
466 1012 558 1066 dotale
578 1011 674 1066 Oliaos.

417 1226 466 1291 De
488 1226 581 1290 Bello
607 1224 785 1292 Gildonico.

105 1367 281 1438 blaterant]
306 1383 342 1420 so.
362 1363 453 1434 Lib'ya
471 1365 618 1433 Nilusque.
655 1365 762 1420 Birtius
786 1383 872 1434 quare
896 1368 994 1422 alerem
1017 1383 1052 1422 ex
1070 1366 1111 1421 P¹

163 1437 225 1492 solo
243 1436 389 1508 reciperet,
407 1454 464 1490 non
484 1436 553 1491 satis
573 1437 738 1492 declaravit.

104 1514 142 1564 57
162 1509 311 1580 Phariam]
341 1507 507 1562 Skutschius
535 1508 657 1563 contulit
680 1507 750 1563 Stat.
774 1507 861 1562 Theb.
882 1508 921 1562 ΠΙ
941 1513 1006 1564 222:
1034 1510 1112 1579 (haec

161 1581 254 1650 mete)
268 1581 363 1650 primo
381 1579 543 1634 Dicarcheis
561 1580 697 1635 Phariam
714 1582 808 1651 provio
826 1581 924 1635 intulit
942 1599 1056 1637 aarum.

107 1656 216 1706 59-62
235 1649 400 1720 interpunxi
417 1650 488 1704 duce
507 1649 687 1706 Mommseno.
846 1683 849 1689 ·

104 1728 143 1776 69
158 1723 280 1794 praeda]
296 1723 403 1792 praedo
416 1720 459 1778 Bi.
479 1737 514 1775 ex
526 1725 557 1775 H
560 1721 591 1791 B,
611 1739 681 1790 quos
695 1723 783 1776 testes
797 1720 914 1776 minoris
928 1721 1016 1791 pretii
1030 1722 1111 1791 sequi

163 1791 251 1847 nolui.
279 1796 403 1848 ceterum
416 1792 489 1846 bene
502 1791 566 1862 ipsa
579 1793 686 1862 praeda
700 1792 804 1847 dicitur
817 1793 848 1847 id
859 1792 1018 1863 reliquisse,
1033 1794 1110 1862 quod

166 1880 201 1918 ex
219 1864 326 1933 praeda
342 1862 475 1918 relictum
494 1865 545 1919 est.
868 1865 874 1875 ’

106 1940 143 1991 88
155 1953 196 2004 sq.
217 1936 293 1990 bellic
312 1978 318 1991 .
334 1977 362 1990 ..
382 1936 510 2006 opedani]
540 1936 606 1990 bello
635 1950 807 2003 quamquam
834 1934 886 1989 VP
914 1936 1110 2019 commendare

162 2005 1110 2147 {reiteraretadulteratur

164 2147 251 2202 lectio
270 2165 326 2202 non
344 2146 400 2202 nisi
418 2147 499 2202 libris
517 2148 575 2202 ΠΑ
593 2149 736 2203 debeatur.

105 2225 141 2274 91
163 2219 325 2292 Syphacem]
344 2219 379 2273 de
397 2218 481 2273 huius
500 2219 621 2273 nominis
639 2235 771 2274 mensura
789 2217 906 2273 insolita
925 2218 960 2275 cf.
976 2235 1048 2288 quae
1064 2235 1110 2274 ex·

164 2291 262 2360 posuit
280 2289 424 2359 proximus
442 2289 535 2344 editor
552 2290 583 2343 in
599 2289 688 2359 praef.
708 2308 735 2360 p.
751 2289 841 2345 CCXI.

89 2369 144 2418 130
166 2362 261 2433 Oybele
278 2362 361 2433 eicco]
380 2360 453 2414 hunc
472 2360 621 2416 verborum
640 2360 767 2415 ordinem
786 2361 956 2417 confidenter
978 2379 1041 2415 curn
1061 2379 1110 2432 op·

163 2431 242 2487 timis
260 2432 311 2486 Vc
330 2432 452 2494 retineo;
479 2432 555 2500 quod
574 2431 650 2487 enim
668 2432 711 2488 Bi.
730 2432 761 2486 in
778 2433 949 2501 reliquorum
972 2432 1109 2488 librorum

165 2503 305 2572 scriptura
322 2505 392 2559 eicco
413 2503 508 2576 Cybele
525 2504 617 2574 magis
640 2508 752 2574 gratam
776 2506 860 2572 atque
883 2503 1026 2573 poeticam
1049 2520 1110 2559 esse

164 2574 238 2629 dixit
260 2574 408 2629 verborum
431 2574 655 2630 conlocationem
680 2574 726 2642 (cf.
744 2593 772 2644 p.
788 2574 898 2644 CXIV),
926 2592 984 2630 non
1008 2575 1110 2630 summi

164 2646 301 2727 momenti
328 2650 383 2708 est3
417 2648 541 2728 ceterum
569 2646 742 2716 oppositioni
773 2646 963 2700 membrorum
989 2663 1110 2703 aec-aee

89 2794 144 2844 183
163 2716 578 2871 lidrlilnuilescsiiiifisiiultedoleat
596 2788 692 2870 codd..
710 2789 810 2843 mixtos
827 2790 949 2869 redoleat
966 2795 1110 2860 caperata

164 2877 274 2916 cruores
286 2862 408 2915 coniecit
416 2859 468 2930 131,
483 2859 559 2928 quod
573 2876 637 2915 mea
646 2858 761 2928 andem
771 2861 1110 2914 sententrarecusandum

165 2933 218 2986 est.
251 2929 292 2985 sic
311 2931 385 2986 enim
402 2931 492 2987 totius
510 2931 567 2986 loci
592 2929 826 3000 compositionem
849 2929 999 3000 intellego:
1024 2933 1111 3000 poeta

163 3003 317 3071 postquam
335 3019 446 3058 saevam
465 3002 663 3057 crudelitatem
683 3000 775 3055 Mauri
794 3000 864 3055 satis
883 3001 1024 3071 depinxit,
1043 3002 1109 3057 inde

164 3089 183 3127 a
201 3088 284 3127 versu
302 3079 352 3128 182
371 3073 600 3143 turpissimarum
616 3072 781 3140 libidinum,
801 3090 871 3140 quas
891 3072 974 3127 Gildo
994 3072 1110 3141 eiusque

164 3145 319 3198 sectatores
333 3145 507 3214 exercebant,
522 3144 695 3199 mentionem
708 3143 788 3199 facit.
816 3143 913 3210 itaque
928 3147 1016 3199 v.183
1031 3143 1109 3199 vocis

165 3214 334 3285 ‘sanguinis’
360 3216 406 3270 vel
426 3216 553 3271 ‘cruoris’
577 3215 709 3285 repetitio
732 3231 824 3283 neque
846 3214 905 3268 ullo
929 3214 1012 3270 modo
1037 3215 1109 3270 desi·

166 3287 281 3341 deratur
298 3304 389 3356 neque
403 3287 517 3342 omnino
532 3290 633 3357 optata
647 3286 771 3351 videtum
791 3303 857 3339 nam
872 3285 903 3338 in
937 3285 1111 3341 raecedenti-

164 3358 218 3412 bus
237 3357 410 3428 amplissime
429 3359 464 3413 de
484 3358 704 3428 sanguinolenta
727 3356 848 3411 saevitia
867 3304 995 3411 (tillonis
1018 3359 1112 3411 trans·

164 3430 262 3483 actum
280 3431 332 3484 est.
363 3429 422 3484 iarn
440 3447 587 3484 varocum
608 3446 679 3497 quae
704 3429 738 3482 de
756 3445 829 3482 novo
856 3443 958 3497 genere
981 3427 1112 3481 libidinis

162 3517 239 3554 nunc
262 3499 383 3556 dicenda
404 3503 481 3572 sunt,
508 3501 638 3559 versibus
652 3506 781 3574 istene.
799 3498 944 3574 explicari
963 3499 1139 3567 adpareret,
