<?xml version="1.0" encoding="UTF-8"?>
<!DOCTYPE html PUBLIC "-//W3C//DTD XHTML 1.0 Transitional//EN"
    "http://www.w3.org/TR/xhtml1/DTD/xhtml1-transitional.dtd">
<html xmlns="http://www.w3.org/1999/xhtml" xml:lang="en" lang="en">
 <head>
  <title>
</title>
<meta http-equiv="Content-Type" content="text/html;charset=utf-8" />
  <meta name='ocr-system' content='tesseract 3.04.00' />
  <meta name='ocr-capabilities' content='ocr_page ocr_carea ocr_par ocr_line ocrx_word'/>
</head>
<body>
  <div class='ocr_page' id='page_1' title='image "./claudiiclaudian05claugoog_0259.png"; bbox 0 0 2438 3832; ppageno 0'>
   <div class='ocr_carea' id='block_1_1' title="bbox 121 167 809 234">
    <p class='ocr_par' dir='ltr' id='par_1_1' title="bbox 121 167 809 234">
     <span class='ocr_line' id='line_1_1' title="bbox 121 167 809 234; baseline -0.015 -2"><span class='ocrx_word' id='word_1_1' title='bbox 121 168 185 234; x_wconf 89' lang='grc'>190</span> <span class='ocrx_word' id='word_1_2' title='bbox 447 167 593 223; x_wconf 80' lang='lat' dir='ltr'><strong>CLAVDII</strong></span> <span class='ocrx_word' id='word_1_3' title='bbox 611 167 809 224; x_wconf 81' lang='lat' dir='ltr'><strong>CLAVDIANI</strong></span> 
     </span>
    </p>
   </div>
   <div class='ocr_carea' id='block_1_2' title="bbox 111 330 1156 2987">
    <p class='ocr_par' dir='ltr' id='par_1_2' title="bbox 111 330 1156 2987">
     <span class='ocr_line' id='line_1_2' title="bbox 118 330 1145 416; baseline 0.002 -20"><span class='ocrx_word' id='word_1_4' title='bbox 118 331 318 416; x_wconf 77' lang='lat' dir='ltr'>Expectasse</span> <span class='ocrx_word' id='word_1_5' title='bbox 341 352 455 395; x_wconf 89' lang='lat' dir='ltr'>manus</span> <span class='ocrx_word' id='word_1_6' title='bbox 479 335 511 395; x_wconf 94' lang='lat' dir='ltr'>et</span> <span class='ocrx_word' id='word_1_7' title='bbox 533 335 646 395; x_wconf 88' lang='lat' dir='ltr'>nostra</span> <span class='ocrx_word' id='word_1_8' title='bbox 668 331 811 414; x_wconf 88' lang='lat' dir='ltr'>pericula</span> <span class='ocrx_word' id='word_1_9' title='bbox 834 330 938 395; x_wconf 87' lang='lat' dir='ltr'>tendit</span> <span class='ocrx_word' id='word_1_10' title='bbox 1085 349 1145 398; x_wconf 75' lang='grc'>466</span> 
     </span>
     <span class='ocr_line' id='line_1_3' title="bbox 118 419 1048 504; baseline 0 -20"><span class='ocrx_word' id='word_1_11' title='bbox 118 420 322 484; x_wconf 87' lang='lat' dir='ltr'>Posthabitis</span> <span class='ocrx_word' id='word_1_12' title='bbox 344 420 474 504; x_wconf 89' lang='lat' dir='ltr'>pulsare</span> <span class='ocrx_word' id='word_1_13' title='bbox 498 420 564 483; x_wconf 88' lang='lat' dir='ltr'>suis</span> <span class='ocrx_word' id='word_1_14' title='bbox 587 420 792 503; x_wconf 86' lang='lat' dir='ltr'>mediumque</span> <span class='ocrx_word' id='word_1_15' title='bbox 815 441 873 504; x_wconf 90' lang='lat' dir='ltr'>per</span> <span class='ocrx_word' id='word_1_16' title='bbox 895 419 1023 485; x_wconf 80' lang='lat' dir='ltr'><strong>hostem</strong></span> <span class='ocrx_word' id='word_1_17' title='bbox 1046 460 1048 463; x_wconf 88' lang='lat'>·</span> 
     </span>
     <span class='ocr_line' id='line_1_4' title="bbox 117 508 912 593; baseline 0 -21"><span class='ocrx_word' id='word_1_18' title='bbox 117 508 318 573; x_wconf 80' lang='lat' dir='ltr'>Flammatus</span> <span class='ocrx_word' id='word_1_19' title='bbox 341 509 462 573; x_wconf 82' lang='lat' dir='ltr'>virtute</span> <span class='ocrx_word' id='word_1_20' title='bbox 483 509 538 593; x_wconf 88' lang='lat' dir='ltr'>pia</span> <span class='ocrx_word' id='word_1_21' title='bbox 560 509 772 592; x_wconf 87' lang='lat' dir='ltr'>propriaeque</span> <span class='ocrx_word' id='word_1_22' title='bbox 796 509 912 573; x_wconf 91' lang='lat' dir='ltr'>salutis</span> 
     </span>
     <span class='ocr_line' id='line_1_5' title="bbox 118 596 932 681; baseline -0.001 -20"><span class='ocrx_word' id='word_1_23' title='bbox 118 596 280 663; x_wconf 87' lang='lat' dir='ltr'><strong>Inmemor</strong></span> <span class='ocrx_word' id='word_1_24' title='bbox 303 601 335 662; x_wconf 93' lang='lat' dir='ltr'>et</span> <span class='ocrx_word' id='word_1_25' title='bbox 359 597 474 661; x_wconf 86' lang='lat' dir='ltr'>stricto</span> <span class='ocrx_word' id='word_1_26' title='bbox 497 601 705 681; x_wconf 90' lang='lat' dir='ltr'>prosternens</span> <span class='ocrx_word' id='word_1_27' title='bbox 729 598 824 663; x_wconf 87' lang='lat' dir='ltr'>obvia</span> <span class='ocrx_word' id='word_1_28' title='bbox 846 599 932 662; x_wconf 82' lang='lat' dir='ltr'>ferro</span> 
     </span>
     <span class='ocr_line' id='line_1_6' title="bbox 117 686 858 752; baseline 0 -1"><span class='ocrx_word' id='word_1_29' title='bbox 117 686 262 752; x_wconf 80' lang='lat' dir='ltr'>Barbara</span> <span class='ocrx_word' id='word_1_30' title='bbox 285 687 440 750; x_wconf 90' lang='lat' dir='ltr'>fulmineo</span> <span class='ocrx_word' id='word_1_31' title='bbox 465 686 566 750; x_wconf 88' lang='lat' dir='ltr'>secuit</span> <span class='ocrx_word' id='word_1_32' title='bbox 589 688 729 751; x_wconf 90' lang='lat' dir='ltr'>tentoria</span> <span class='ocrx_word' id='word_1_33' title='bbox 753 708 858 751; x_wconf 90' lang='lat' dir='ltr'>cursu.</span> 
     </span>
     <span class='ocr_line' id='line_1_7' title="bbox 186 774 1156 862; baseline 0.003 -22"><span class='ocrx_word' id='word_1_34' title='bbox 186 774 297 840; x_wconf 77' lang='lat' dir='ltr'>‘Nunc</span> <span class='ocrx_word' id='word_1_35' title='bbox 319 775 383 839; x_wconf 90' lang='lat' dir='ltr'>tibi</span> <span class='ocrx_word' id='word_1_36' title='bbox 405 775 551 859; x_wconf 82' lang='lat' dir='ltr'><strong>Tydiden</strong></span> <span class='ocrx_word' id='word_1_37' title='bbox 574 777 727 840; x_wconf 78' lang='lat' dir='ltr'>attollant</span> <span class='ocrx_word' id='word_1_38' title='bbox 751 776 892 840; x_wconf 87' lang='lat' dir='ltr'>carmina</span> <span class='ocrx_word' id='word_1_39' title='bbox 914 778 1037 862; x_wconf 71' lang='lat' dir='ltr'>vatum,</span> <span class='ocrx_word' id='word_1_40' title='bbox 1082 793 1156 847; x_wconf 57' lang='lat'>470.</span> 
     </span>
     <span class='ocr_line' id='line_1_8' title="bbox 119 862 951 948; baseline 0 -22"><span class='ocrx_word' id='word_1_41' title='bbox 119 862 212 939; x_wconf 85' lang='lat' dir='ltr'>Quod</span> <span class='ocrx_word' id='word_1_42' title='bbox 233 864 344 927; x_wconf 87' lang='lat' dir='ltr'>iuncto</span> <span class='ocrx_word' id='word_1_43' title='bbox 368 863 470 928; x_wconf 91' lang='lat' dir='ltr'>fidens</span> <span class='ocrx_word' id='word_1_44' title='bbox 493 862 606 928; x_wconf 91' lang='lat' dir='ltr'>Ithaco</span> <span class='ocrx_word' id='word_1_45' title='bbox 628 865 790 948; x_wconf 82' lang='lat' dir='ltr'>patefacta</span> <span class='ocrx_word' id='word_1_46' title='bbox 812 862 951 928; x_wconf 84' lang='lat' dir='ltr'>Dolonis</span> 
     </span>
     <span class='ocr_line' id='line_1_9' title="bbox 117 949 944 1039; baseline 0.002 -25"><span class='ocrx_word' id='word_1_47' title='bbox 117 949 240 1016; x_wconf 84' lang='lat' dir='ltr'>Iudicio</span> <span class='ocrx_word' id='word_1_48' title='bbox 265 951 465 1036; x_wconf 83' lang='lat' dir='ltr'>dapibusque</span> <span class='ocrx_word' id='word_1_49' title='bbox 488 953 585 1017; x_wconf 92' lang='lat' dir='ltr'>simul</span> <span class='ocrx_word' id='word_1_50' title='bbox 607 953 808 1039; x_wconf 83' lang='lat' dir='ltr'>religataque</span> <span class='ocrx_word' id='word_1_51' title='bbox 831 973 944 1016; x_wconf 89' lang='lat' dir='ltr'>somno</span> 
     </span>
     <span class='ocr_line' id='line_1_10' title="bbox 116 1040 889 1128; baseline 0 -24"><span class='ocrx_word' id='word_1_52' title='bbox 116 1040 254 1105; x_wconf 82' lang='lat' dir='ltr'>Thracia</span> <span class='ocrx_word' id='word_1_53' title='bbox 277 1042 376 1125; x_wconf 88' lang='lat' dir='ltr'>sopiti</span> <span class='ocrx_word' id='word_1_54' title='bbox 398 1042 613 1126; x_wconf 84' lang='lat' dir='ltr'>penetraverit</span> <span class='ocrx_word' id='word_1_55' title='bbox 637 1041 767 1128; x_wconf 77' lang='lat' dir='ltr'>agmina</span> <span class='ocrx_word' id='word_1_56' title='bbox 788 1041 889 1106; x_wconf 83' lang='lat' dir='ltr'>Rhesi</span> 
     </span>
     <span class='ocr_line' id='line_1_11' title="bbox 118 1128 950 1216; baseline -0.001 -22"><span class='ocrx_word' id='word_1_57' title='bbox 118 1128 278 1213; x_wconf 78' lang='lat' dir='ltr'>Graiaque</span> <span class='ocrx_word' id='word_1_58' title='bbox 301 1131 464 1195; x_wconf 91' lang='lat' dir='ltr'>rettulerit</span> <span class='ocrx_word' id='word_1_59' title='bbox 488 1134 604 1214; x_wconf 70' lang='lat' dir='ltr'>captos</span> <span class='ocrx_word' id='word_1_60' title='bbox 623 1131 663 1194; x_wconf 89' lang='lat' dir='ltr'>ad</span> <span class='ocrx_word' id='word_1_61' title='bbox 687 1134 792 1195; x_wconf 88' lang='lat' dir='ltr'>castra</span> <span class='ocrx_word' id='word_1_62' title='bbox 815 1130 950 1216; x_wconf 83' lang='lat' dir='ltr'>iugales,</span> 
     </span>
     <span class='ocr_line' id='line_1_12' title="bbox 117 1217 1135 1306; baseline 0.003 -25"><span class='ocrx_word' id='word_1_63' title='bbox 117 1217 275 1304; x_wconf 81' lang='lat' dir='ltr'>Quorum,</span> <span class='ocrx_word' id='word_1_64' title='bbox 299 1220 327 1282; x_wconf 91' lang='lat' dir='ltr'>si</span> <span class='ocrx_word' id='word_1_65' title='bbox 351 1242 414 1302; x_wconf 92' lang='lat' dir='ltr'>qua</span> <span class='ocrx_word' id='word_1_66' title='bbox 436 1219 516 1283; x_wconf 88' lang='lat' dir='ltr'>fides</span> <span class='ocrx_word' id='word_1_67' title='bbox 539 1220 733 1306; x_wconf 85' lang='lat' dir='ltr'>augentibus</span> <span class='ocrx_word' id='word_1_68' title='bbox 757 1219 866 1284; x_wconf 89' lang='lat' dir='ltr'>omnia</span> <span class='ocrx_word' id='word_1_69' title='bbox 888 1218 1002 1303; x_wconf 87' lang='lat' dir='ltr'>Musis,</span> <span class='ocrx_word' id='word_1_70' title='bbox 1080 1235 1135 1284; x_wconf 77' lang='grc'>416</span> 
     </span>
     <span class='ocr_line' id='line_1_13' title="bbox 115 1304 979 1392; baseline -0.001 -21"><span class='ocrx_word' id='word_1_71' title='bbox 115 1304 260 1390; x_wconf 88' lang='lat' dir='ltr'>Impetus</span> <span class='ocrx_word' id='word_1_72' title='bbox 285 1309 421 1372; x_wconf 90' lang='lat' dir='ltr'>excessit</span> <span class='ocrx_word' id='word_1_73' title='bbox 443 1308 609 1392; x_wconf 81' lang='lat' dir='ltr'>Zephyros</span> <span class='ocrx_word' id='word_1_74' title='bbox 634 1308 815 1391; x_wconf 81' lang='lat' dir='ltr'>candorque</span> <span class='ocrx_word' id='word_1_75' title='bbox 837 1307 979 1391; x_wconf 91' lang='lat' dir='ltr'>pruinas.</span> 
     </span>
     <span class='ocr_line' id='line_1_14' title="bbox 115 1394 932 1481; baseline -0.001 -22"><span class='ocrx_word' id='word_1_76' title='bbox 115 1394 200 1459; x_wconf 92' lang='lat' dir='ltr'>Ecce</span> <span class='ocrx_word' id='word_1_77' title='bbox 222 1397 340 1481; x_wconf 80' lang='lat' dir='ltr'>virum,</span> <span class='ocrx_word' id='word_1_78' title='bbox 363 1396 456 1460; x_wconf 92' lang='lat' dir='ltr'>taciti</span> <span class='ocrx_word' id='word_1_79' title='bbox 477 1396 568 1460; x_wconf 91' lang='lat' dir='ltr'>nulla</span> <span class='ocrx_word' id='word_1_80' title='bbox 592 1396 648 1479; x_wconf 93' lang='lat' dir='ltr'>qui</span> <span class='ocrx_word' id='word_1_81' title='bbox 670 1396 782 1460; x_wconf 88' lang='lat' dir='ltr'>fraude</span> <span class='ocrx_word' id='word_1_82' title='bbox 806 1395 932 1479; x_wconf 91' lang='lat' dir='ltr'>soporis</span> 
     </span>
     <span class='ocr_line' id='line_1_15' title="bbox 116 1483 1025 1568; baseline 0 -21"><span class='ocrx_word' id='word_1_83' title='bbox 116 1483 205 1547; x_wconf 84' lang='lat' dir='ltr'>Ense</span> <span class='ocrx_word' id='word_1_84' title='bbox 227 1485 335 1568; x_wconf 90' lang='lat' dir='ltr'>palam</span> <span class='ocrx_word' id='word_1_85' title='bbox 359 1484 421 1547; x_wconf 90' lang='lat' dir='ltr'>sibi</span> <span class='ocrx_word' id='word_1_86' title='bbox 444 1485 556 1567; x_wconf 90' lang='lat' dir='ltr'>pandit</span> <span class='ocrx_word' id='word_1_87' title='bbox 579 1485 642 1549; x_wconf 89' lang='lat' dir='ltr'>iter</span> <span class='ocrx_word' id='word_1_88' title='bbox 664 1488 848 1568; x_wconf 87' lang='lat' dir='ltr'>remeatque</span> <span class='ocrx_word' id='word_1_89' title='bbox 872 1487 1025 1548; x_wconf 90' lang='lat' dir='ltr'>cruentus</span> 
     </span>
     <span class='ocr_line' id='line_1_16' title="bbox 116 1571 856 1658; baseline 0 -22"><span class='ocrx_word' id='word_1_90' title='bbox 116 1571 162 1636; x_wconf 92' lang='lat' dir='ltr'>Et</span> <span class='ocrx_word' id='word_1_91' title='bbox 185 1572 369 1636; x_wconf 89' lang='lat' dir='ltr'>Diomedeis</span> <span class='ocrx_word' id='word_1_92' title='bbox 392 1576 520 1637; x_wconf 90' lang='lat' dir='ltr'>tantum</span> <span class='ocrx_word' id='word_1_93' title='bbox 542 1574 737 1656; x_wconf 88' lang='lat' dir='ltr'>praeclarior</span> <span class='ocrx_word' id='word_1_94' title='bbox 759 1573 856 1658; x_wconf 82' lang='lat' dir='ltr'>ausis,</span> 
     </span>
     <span class='ocr_line' id='line_1_17' title="bbox 116 1659 1134 1746; baseline 0.004 -22"><span class='ocrx_word' id='word_1_95' title='bbox 116 1659 279 1736; x_wconf 83' lang='lat' dir='ltr'>Quantum</span> <span class='ocrx_word' id='word_1_96' title='bbox 302 1661 359 1724; x_wconf 91' lang='lat' dir='ltr'>lux</span> <span class='ocrx_word' id='word_1_97' title='bbox 381 1662 523 1727; x_wconf 89' lang='lat' dir='ltr'>tenebris</span> <span class='ocrx_word' id='word_1_98' title='bbox 546 1663 780 1744; x_wconf 83' lang='lat' dir='ltr'>manifestaque</span> <span class='ocrx_word' id='word_1_99' title='bbox 801 1661 925 1746; x_wconf 88' lang='lat' dir='ltr'>proelia</span> <span class='ocrx_word' id='word_1_100' title='bbox 943 1659 1056 1726; x_wconf 78' lang='grc'>1011161</span> <span class='ocrx_word' id='word_1_101' title='bbox 1080 1677 1134 1728; x_wconf 83' lang='grc'>480</span> 
     </span>
     <span class='ocr_line' id='line_1_18' title="bbox 115 1747 935 1834; baseline 0 -22"><span class='ocrx_word' id='word_1_102' title='bbox 115 1747 206 1812; x_wconf 85' lang='lat' dir='ltr'>Adde</span> <span class='ocrx_word' id='word_1_103' title='bbox 230 1749 316 1832; x_wconf 91' lang='lat' dir='ltr'>quod</span> <span class='ocrx_word' id='word_1_104' title='bbox 339 1754 371 1814; x_wconf 92' lang='lat' dir='ltr'>et</span> <span class='ocrx_word' id='word_1_105' title='bbox 393 1751 473 1834; x_wconf 90' lang='lat' dir='ltr'>ripis</span> <span class='ocrx_word' id='word_1_106' title='bbox 497 1754 630 1814; x_wconf 87' lang='lat' dir='ltr'>steterat</span> <span class='ocrx_word' id='word_1_107' title='bbox 652 1751 809 1814; x_wconf 91' lang='lat' dir='ltr'>munitior</span> <span class='ocrx_word' id='word_1_108' title='bbox 830 1749 935 1814; x_wconf 92' lang='lat' dir='ltr'>hostis</span> 
     </span>
     <span class='ocr_line' id='line_1_19' title="bbox 114 1837 1008 1925; baseline 0.002 -24"><span class='ocrx_word' id='word_1_109' title='bbox 114 1837 160 1901; x_wconf 87' lang='lat' dir='ltr'>Et</span> <span class='ocrx_word' id='word_1_110' title='bbox 183 1838 234 1901; x_wconf 92' lang='lat' dir='ltr'>cui</span> <span class='ocrx_word' id='word_1_111' title='bbox 256 1860 316 1902; x_wconf 93' lang='lat' dir='ltr'>nec</span> <span class='ocrx_word' id='word_1_112' title='bbox 338 1839 470 1925; x_wconf 83' lang='lat' dir='ltr'>vigilem</span> <span class='ocrx_word' id='word_1_113' title='bbox 493 1839 543 1902; x_wconf 88' lang='lat' dir='ltr'>fas</span> <span class='ocrx_word' id='word_1_114' title='bbox 567 1841 615 1901; x_wconf 90' lang='lat' dir='ltr'>est</span> <span class='ocrx_word' id='word_1_115' title='bbox 639 1859 829 1922; x_wconf 88' lang='lat' dir='ltr'>componere</span> <span class='ocrx_word' id='word_1_116' title='bbox 851 1838 1008 1903; x_wconf 86' lang='lat' dir='ltr'>Rhesum:</span> 
     </span>
     <span class='ocr_line' id='line_1_20' title="bbox 114 1925 1132 2014; baseline 0.001 -25"><span class='ocrx_word' id='word_1_117' title='bbox 114 1925 223 1990; x_wconf 81' lang='lat' dir='ltr'>Thrax</span> <span class='ocrx_word' id='word_1_118' title='bbox 242 1931 320 2012; x_wconf 83' lang='lat' dir='ltr'>erat,</span> <span class='ocrx_word' id='word_1_119' title='bbox 342 1927 395 1990; x_wconf 89' lang='lat' dir='ltr'>hic</span> <span class='ocrx_word' id='word_1_120' title='bbox 413 1927 575 1991; x_wconf 86' lang='lat' dir='ltr'>Thracum</span> <span class='ocrx_word' id='word_1_121' title='bbox 593 1926 741 1991; x_wconf 87' lang='lat' dir='ltr'>domitor.</span> <span class='ocrx_word' id='word_1_122' title='bbox 777 1926 855 1992; x_wconf 90' lang='lat' dir='ltr'>Non</span> <span class='ocrx_word' id='word_1_123' title='bbox 872 1926 938 1991; x_wconf 92' lang='lat' dir='ltr'>tela</span> <span class='ocrx_word' id='word_1_124' title='bbox 956 1926 1132 2014; x_wconf 82' lang='lat' dir='ltr'>retardant,</span> 
     </span>
     <span class='ocr_line' id='line_1_21' title="bbox 115 2012 910 2080; baseline 0.003 -2"><span class='ocrx_word' id='word_1_125' title='bbox 115 2012 214 2078; x_wconf 91' lang='lat' dir='ltr'>Obice</span> <span class='ocrx_word' id='word_1_126' title='bbox 237 2038 303 2079; x_wconf 93' lang='lat' dir='ltr'>non</span> <span class='ocrx_word' id='word_1_127' title='bbox 326 2015 430 2079; x_wconf 89' lang='lat' dir='ltr'>haesit</span> <span class='ocrx_word' id='word_1_128' title='bbox 453 2015 553 2080; x_wconf 81' lang='grc'>1111111.</span> <span class='ocrx_word' id='word_1_129' title='bbox 599 2014 731 2080; x_wconf 81' lang='lat' dir='ltr'>Sicilie</span> <span class='ocrx_word' id='word_1_130' title='bbox 753 2016 910 2080; x_wconf 84' lang='lat' dir='ltr'>minacem</span> 
     </span>
     <span class='ocr_line' id='line_1_22' title="bbox 114 2102 1129 2188; baseline 0.002 -22"><span class='ocrx_word' id='word_1_131' title='bbox 114 2102 313 2187; x_wconf 85' lang='lat' dir='ltr'>Tyrrhenam</span> <span class='ocrx_word' id='word_1_132' title='bbox 335 2104 469 2169; x_wconf 84' lang='lat' dir='ltr'>labente</span> <span class='ocrx_word' id='word_1_133' title='bbox 487 2127 618 2168; x_wconf 90' lang='lat' dir='ltr'>manum</span> <span class='ocrx_word' id='word_1_134' title='bbox 640 2125 700 2188; x_wconf 91' lang='lat' dir='ltr'>pro</span> <span class='ocrx_word' id='word_1_135' title='bbox 722 2108 822 2188; x_wconf 92' lang='lat' dir='ltr'>ponte</span> <span class='ocrx_word' id='word_1_136' title='bbox 844 2103 1004 2188; x_wconf 85' lang='lat' dir='ltr'>repellens</span> <span class='ocrx_word' id='word_1_137' title='bbox 1077 2119 1129 2170; x_wconf 76' lang='grc'>486</span> 
     </span>
     <span class='ocr_line' id='line_1_23' title="bbox 114 2191 951 2278; baseline 0 -23"><span class='ocrx_word' id='word_1_138' title='bbox 114 2192 253 2256; x_wconf 85' lang='lat' dir='ltr'>Traiecit</span> <span class='ocrx_word' id='word_1_139' title='bbox 276 2191 380 2276; x_wconf 93' lang='lat' dir='ltr'>clipeo</span> <span class='ocrx_word' id='word_1_140' title='bbox 404 2193 574 2278; x_wconf 77' lang='lat' dir='ltr'>Thybrim,</span> <span class='ocrx_word' id='word_1_141' title='bbox 598 2214 662 2276; x_wconf 93' lang='lat' dir='ltr'>quo</span> <span class='ocrx_word' id='word_1_142' title='bbox 681 2196 806 2257; x_wconf 90' lang='lat' dir='ltr'>texerat</span> <span class='ocrx_word' id='word_1_143' title='bbox 828 2192 951 2277; x_wconf 83' lang='lat' dir='ltr'>urbem,</span> 
     </span>
     <span class='ocr_line' id='line_1_24' title="bbox 114 2281 969 2365; baseline -0.002 -20"><span class='ocrx_word' id='word_1_144' title='bbox 114 2281 289 2364; x_wconf 84' lang='lat' dir='ltr'>Tarquinio</span> <span class='ocrx_word' id='word_1_145' title='bbox 312 2282 451 2346; x_wconf 89' lang='lat' dir='ltr'>mirante</span> <span class='ocrx_word' id='word_1_146' title='bbox 475 2281 587 2346; x_wconf 81' lang='lat' dir='ltr'>Cocles</span> <span class='ocrx_word' id='word_1_147' title='bbox 609 2282 787 2365; x_wconf 88' lang='lat' dir='ltr'>mediisque</span> <span class='ocrx_word' id='word_1_148' title='bbox 811 2281 969 2364; x_wconf 90' lang='lat' dir='ltr'>superbus</span> 
     </span>
     <span class='ocr_line' id='line_1_25' title="bbox 113 2369 1012 2452; baseline 0 -20"><span class='ocrx_word' id='word_1_149' title='bbox 113 2369 311 2433; x_wconf 86' lang='lat' dir='ltr'>Porsennam</span> <span class='ocrx_word' id='word_1_150' title='bbox 333 2370 475 2452; x_wconf 87' lang='lat' dir='ltr'>respexit</span> <span class='ocrx_word' id='word_1_151' title='bbox 499 2371 599 2452; x_wconf 91' lang='lat' dir='ltr'>aquis.</span> <span class='ocrx_word' id='word_1_152' title='bbox 647 2369 738 2434; x_wconf 80' lang='lat' dir='ltr'>Celer</span> <span class='ocrx_word' id='word_1_153' title='bbox 761 2369 876 2434; x_wconf 86' lang='lat' dir='ltr'>Addua</span> <span class='ocrx_word' id='word_1_154' title='bbox 898 2373 1012 2433; x_wconf 88' lang='lat' dir='ltr'>nostro</span> 
     </span>
     <span class='ocr_line' id='line_1_26' title="bbox 114 2455 995 2543; baseline -0.002 -21"><span class='ocrx_word' id='word_1_155' title='bbox 114 2455 264 2522; x_wconf 83' lang='lat' dir='ltr'>Sulcatus</span> <span class='ocrx_word' id='word_1_156' title='bbox 288 2479 412 2521; x_wconf 88' lang='lat' dir='ltr'>socero:</span> <span class='ocrx_word' id='word_1_157' title='bbox 437 2457 505 2542; x_wconf 83' lang='lat' dir='ltr'>sed,</span> <span class='ocrx_word' id='word_1_158' title='bbox 530 2480 602 2522; x_wconf 89' lang='lat' dir='ltr'>cum</span> <span class='ocrx_word' id='word_1_159' title='bbox 625 2462 822 2543; x_wconf 87' lang='lat' dir='ltr'>transnaret‚</span> <span class='ocrx_word' id='word_1_160' title='bbox 844 2457 995 2522; x_wconf 86' lang='lat' dir='ltr'>Etruscis</span> 
     </span>
     <span class='ocr_line' id='line_1_27' title="bbox 113 2543 1130 2631; baseline 0.005 -24"><span class='ocrx_word' id='word_1_161' title='bbox 113 2543 172 2608; x_wconf 92' lang='grc'>1116</span> <span class='ocrx_word' id='word_1_162' title='bbox 196 2544 293 2607; x_wconf 89' lang='lat' dir='ltr'>dabat</span> <span class='ocrx_word' id='word_1_163' title='bbox 316 2549 460 2631; x_wconf 82' lang='lat' dir='ltr'>tergum,</span> <span class='ocrx_word' id='word_1_164' title='bbox 484 2544 605 2610; x_wconf 79' lang='lat' dir='ltr'>Geticis</span> <span class='ocrx_word' id='word_1_165' title='bbox 628 2547 680 2611; x_wconf 93' lang='lat' dir='ltr'>hic</span> <span class='ocrx_word' id='word_1_166' title='bbox 703 2550 834 2629; x_wconf 92' lang='lat' dir='ltr'>pectora</span> <span class='ocrx_word' id='word_1_167' title='bbox 857 2545 960 2610; x_wconf 91' lang='lat' dir='ltr'>bellis.</span> <span class='ocrx_word' id='word_1_168' title='bbox 1076 2563 1130 2612; x_wconf 85' lang='grc'>460</span> 
     </span>
     <span class='ocr_line' id='line_1_28' title="bbox 181 2632 1013 2720; baseline 0.004 -25"><span class='ocrx_word' id='word_1_169' title='bbox 181 2632 301 2696; x_wconf 77' lang='lat' dir='ltr'>‘Exere</span> <span class='ocrx_word' id='word_1_170' title='bbox 323 2656 410 2698; x_wconf 92' lang='lat' dir='ltr'>nunc</span> <span class='ocrx_word' id='word_1_171' title='bbox 433 2635 546 2698; x_wconf 91' lang='lat' dir='ltr'>doctos</span> <span class='ocrx_word' id='word_1_172' title='bbox 569 2637 679 2699; x_wconf 87' lang='lat' dir='ltr'>tantae</span> <span class='ocrx_word' id='word_1_173' title='bbox 703 2635 876 2698; x_wconf 83' lang='lat' dir='ltr'>certamine</span> <span class='ocrx_word' id='word_1_174' title='bbox 899 2634 1013 2720; x_wconf 89' lang='lat' dir='ltr'>laudis,</span> 
     </span>
     <span class='ocr_line' id='line_1_29' title="bbox 112 2722 977 2808; baseline 0.001 -22"><span class='ocrx_word' id='word_1_175' title='bbox 112 2722 232 2806; x_wconf 77' lang='lat' dir='ltr'>Roma,</span> <span class='ocrx_word' id='word_1_176' title='bbox 255 2722 372 2786; x_wconf 88' lang='lat' dir='ltr'>choros</span> <span class='ocrx_word' id='word_1_177' title='bbox 396 2727 444 2808; x_wconf 82' lang='lat' dir='ltr'>et,</span> <span class='ocrx_word' id='word_1_178' title='bbox 468 2726 589 2806; x_wconf 88' lang='lat' dir='ltr'>quanta</span> <span class='ocrx_word' id='word_1_179' title='bbox 612 2724 679 2787; x_wconf 88' lang='lat' dir='ltr'>tuis</span> <span class='ocrx_word' id='word_1_180' title='bbox 702 2723 852 2788; x_wconf 87' lang='lat' dir='ltr'>facundia</span> <span class='ocrx_word' id='word_1_181' title='bbox 874 2723 977 2807; x_wconf 89' lang='lat' dir='ltr'>pollet</span> 
     </span>
     <span class='ocr_line' id='line_1_30' title="bbox 111 2809 968 2898; baseline 0.001 -23"><span class='ocrx_word' id='word_1_182' title='bbox 111 2809 269 2897; x_wconf 82' lang='lat' dir='ltr'>Ingeniis,</span> <span class='ocrx_word' id='word_1_183' title='bbox 291 2815 441 2876; x_wconf 91' lang='lat' dir='ltr'>nostrum</span> <span class='ocrx_word' id='word_1_184' title='bbox 465 2813 563 2898; x_wconf 83' lang='lat' dir='ltr'>digno</span> <span class='ocrx_word' id='word_1_185' title='bbox 587 2816 680 2876; x_wconf 88' lang='lat' dir='ltr'>sonet</span> <span class='ocrx_word' id='word_1_186' title='bbox 704 2834 758 2876; x_wconf 93' lang='lat' dir='ltr'>ore</span> <span class='ocrx_word' id='word_1_187' title='bbox 781 2811 968 2895; x_wconf 67' lang='lat' dir='ltr'>parentem?</span> 
     </span>
     <span class='ocr_line' id='line_1_31' title="bbox 177 2900 982 2987; baseline 0.002 -24"><span class='ocrx_word' id='word_1_188' title='bbox 177 2900 271 2964; x_wconf 87' lang='lat' dir='ltr'>Dixit</span> <span class='ocrx_word' id='word_1_189' title='bbox 295 2904 326 2965; x_wconf 93' lang='lat' dir='ltr'>et</span> <span class='ocrx_word' id='word_1_190' title='bbox 349 2902 501 2985; x_wconf 91' lang='lat' dir='ltr'>antiquae</span> <span class='ocrx_word' id='word_1_191' title='bbox 523 2923 634 2965; x_wconf 89' lang='lat' dir='ltr'>muros</span> <span class='ocrx_word' id='word_1_192' title='bbox 658 2922 787 2987; x_wconf 81' lang='lat' dir='ltr'>egressa</span> <span class='ocrx_word' id='word_1_193' title='bbox 809 2901 982 2965; x_wconf 85' lang='lat' dir='ltr'>Ravennae</span> 
     </span>
    </p>
   </div>
   <div class='ocr_carea' id='block_1_3' title="bbox 62 2988 1132 3623">
    <p class='ocr_par' dir='ltr' id='par_1_3' title="bbox 62 2988 1132 3623">
     <span class='ocr_line' id='line_1_32' title="bbox 112 2988 1129 3075; baseline -0.001 -21"><span class='ocrx_word' id='word_1_194' title='bbox 112 2988 212 3075; x_wconf 83' lang='lat' dir='ltr'>Signa</span> <span class='ocrx_word' id='word_1_195' title='bbox 235 2993 355 3075; x_wconf 81' lang='lat' dir='ltr'>movet3</span> <span class='ocrx_word' id='word_1_196' title='bbox 378 2991 506 3074; x_wconf 91' lang='lat' dir='ltr'>iamque</span> <span class='ocrx_word' id='word_1_197' title='bbox 525 3012 581 3054; x_wconf 89' lang='lat' dir='ltr'>ora</span> <span class='ocrx_word' id='word_1_198' title='bbox 599 2989 679 3053; x_wconf 88' lang='lat' dir='ltr'>Padi</span> <span class='ocrx_word' id='word_1_199' title='bbox 697 2993 875 3072; x_wconf 85' lang='lat' dir='ltr'>portusque</span> <span class='ocrx_word' id='word_1_200' title='bbox 898 2988 1055 3072; x_wconf 88' lang='lat' dir='ltr'>relinquit</span> <span class='ocrx_word' id='word_1_201' title='bbox 1075 3005 1129 3054; x_wconf 76' lang='grc'>466</span> 
     </span>
     <span class='ocr_line' id='line_1_33' title="bbox 110 3077 954 3164; baseline 0 -23"><span class='ocrx_word' id='word_1_202' title='bbox 110 3077 311 3163; x_wconf 87' lang='lat' dir='ltr'>Flumineos‚</span> <span class='ocrx_word' id='word_1_203' title='bbox 335 3080 430 3143; x_wconf 87' lang='lat' dir='ltr'>certis</span> <span class='ocrx_word' id='word_1_204' title='bbox 453 3079 510 3142; x_wconf 92' lang='lat' dir='ltr'>ubi</span> <span class='ocrx_word' id='word_1_205' title='bbox 533 3079 662 3164; x_wconf 84' lang='lat' dir='ltr'>legibus</span> <span class='ocrx_word' id='word_1_206' title='bbox 685 3078 806 3142; x_wconf 85' lang='lat' dir='ltr'>advena</span> <span class='ocrx_word' id='word_1_207' title='bbox 828 3077 954 3143; x_wconf 88' lang='lat' dir='ltr'>Nereus</span> 
     </span>
     <span class='ocr_line' id='line_1_34' title="bbox 111 3164 959 3251; baseline -0.002 -19"><span class='ocrx_word' id='word_1_208' title='bbox 111 3164 250 3233; x_wconf 86' lang='lat' dir='ltr'>Aestuat</span> <span class='ocrx_word' id='word_1_209' title='bbox 273 3169 305 3231; x_wconf 94' lang='lat' dir='ltr'>et</span> <span class='ocrx_word' id='word_1_210' title='bbox 327 3189 446 3250; x_wconf 87' lang='lat' dir='ltr'>pronas</span> <span class='ocrx_word' id='word_1_211' title='bbox 469 3189 593 3251; x_wconf 92' lang='lat' dir='ltr'>puppes</span> <span class='ocrx_word' id='word_1_212' title='bbox 615 3189 702 3232; x_wconf 91' lang='lat' dir='ltr'>nunc</span> <span class='ocrx_word' id='word_1_213' title='bbox 725 3189 817 3231; x_wconf 89' lang='lat' dir='ltr'>amne</span> <span class='ocrx_word' id='word_1_214' title='bbox 839 3170 959 3251; x_wconf 86' lang='lat' dir='ltr'>retus0‚</span> 
     </span>
     <span class='ocr_line' id='line_1_35' title="bbox 110 3254 945 3339; baseline -0.002 -18"><span class='ocrx_word' id='word_1_215' title='bbox 110 3254 206 3321; x_wconf 87' lang='lat' dir='ltr'>Nunc</span> <span class='ocrx_word' id='word_1_216' title='bbox 229 3255 382 3319; x_wconf 92' lang='lat' dir='ltr'>redeunte</span> <span class='ocrx_word' id='word_1_217' title='bbox 404 3255 493 3320; x_wconf 86' lang='lat' dir='ltr'>vehit</span> <span class='ocrx_word' id='word_1_218' title='bbox 515 3256 700 3339; x_wconf 89' lang='lat' dir='ltr'>nudataque</span> <span class='ocrx_word' id='word_1_219' title='bbox 723 3256 821 3320; x_wconf 88' lang='lat' dir='ltr'>h&#39;tora</span> <span class='ocrx_word' id='word_1_220' title='bbox 843 3255 945 3320; x_wconf 88' lang='lat' dir='ltr'>fluctu</span> 
     </span>
     <span class='ocr_line' id='line_1_36' title="bbox 103 3342 894 3430; baseline 0.005 -25"><span class='ocrx_word' id='word_1_221' title='bbox 103 3343 249 3430; x_wconf 68' lang='lat' dir='ltr'>Deserit,</span> <span class='ocrx_word' id='word_1_222' title='bbox 277 3342 395 3410; x_wconf 87' lang='lat' dir='ltr'>Oceani</span> <span class='ocrx_word' id='word_1_223' title='bbox 417 3344 587 3410; x_wconf 89' lang='lat' dir='ltr'>lunaribus</span> <span class='ocrx_word' id='word_1_224' title='bbox 611 3344 736 3410; x_wconf 90' lang='lat' dir='ltr'>aemula</span> <span class='ocrx_word' id='word_1_225' title='bbox 760 3344 894 3409; x_wconf 90' lang='lat' dir='ltr'>damnis.</span> 
     </span>
     <span class='ocr_line' id='line_1_37' title="bbox 80 3428 1132 3524; baseline 0.005 -35"><span class='ocrx_word' id='word_1_226' title='bbox 80 3428 227 3496; x_wconf 80' lang='lat' dir='ltr'>Laetior</span> <span class='ocrx_word' id='word_1_227' title='bbox 245 3433 328 3500; x_wconf 85' lang='lat' dir='ltr'>hinc</span> <span class='ocrx_word' id='word_1_228' title='bbox 349 3435 447 3504; x_wconf 83' lang='lat' dir='ltr'>Fano</span> <span class='ocrx_word' id='word_1_229' title='bbox 471 3436 591 3524; x_wconf 88' lang='lat' dir='ltr'>recipit</span> <span class='ocrx_word' id='word_1_230' title='bbox 610 3435 763 3502; x_wconf 74' lang='lat' dir='ltr'>Fortuna</span> <span class='ocrx_word' id='word_1_231' title='bbox 782 3437 928 3516; x_wconf 71' lang='lat' dir='ltr'>uetusto,</span> <span class='ocrx_word' id='word_1_232' title='bbox 1076 3447 1132 3495; x_wconf 70' lang='lat' dir='ltr'>soc</span> 
     </span>
     <span class='ocr_line' id='line_1_38' title="bbox 62 3510 1020 3623; baseline -0.002 -44"><span class='ocrx_word' id='word_1_233' title='bbox 62 3510 345 3612; x_wconf 80' lang='lat' dir='ltr'>Despiciturque</span> <span class='ocrx_word' id='word_1_234' title='bbox 371 3553 484 3623; x_wconf 83' lang='lat' dir='ltr'>vagus</span> <span class='ocrx_word' id='word_1_235' title='bbox 509 3533 701 3620; x_wconf 87' lang='lat' dir='ltr'>praerupta</span> <span class='ocrx_word' id='word_1_236' title='bbox 723 3523 815 3592; x_wconf 77' lang='lat' dir='ltr'>ualle</span> <span class='ocrx_word' id='word_1_237' title='bbox 830 3521 1020 3598; x_wconf 63' lang='lat' dir='ltr'>nasama,</span> 
     </span>
    </p>
   </div>
   <div class='ocr_carea' id='block_1_4' title="bbox 0 0 1224 3832">
    <p class='ocr_par' dir='ltr' id='par_1_4' title="bbox 0 0 1224 3832">
     <span class='ocr_line' id='line_1_39' title="bbox 0 0 1224 3832; baseline 0 2"><span class='ocrx_word' id='word_1_238' title='bbox 0 0 1224 3832; x_wconf 95' lang='lat' dir='ltr'> </span> 
     </span>
    </p>
   </div>
  </div>
 </body>
</html>
