2438 3832
119 151 166 222 (L)
186 150 369 208 PANEGYR.
388 151 516 208 131ch
534 152 697 208 PROBINO
716 151 763 206 ΕΤ
782 152 942 208 OLYBRIO
962 151 1055 209 OOSS.
1097 152 1117 216 3

97 312 317 398 Illyricosque
340 313 431 378 sinus
454 318 486 378 et
510 337 592 398 quos
615 319 686 379 arat
709 314 819 380 Africa
844 337 982 400 campos.
1083 333 1118 382 60

99 401 167 467 Sed
188 402 259 467 nati
281 401 385 467 vicere
408 408 533 486 patrem
556 404 683 488 solique
706 409 869 468 merentur

98 491 253 555 Victores
276 491 386 555 audire
408 491 517 557 Probi.
562 492 640 558 Non
663 493 801 579 contigit
824 493 874 556 illi

100 579 193 642 Talis
217 579 329 665 honor,
352 579 457 664 prima
481 603 553 645 cum
576 586 668 666 parte
690 581 862 646 viresceret
885 581 965 666 aevi,

99 667 172 733 Nec
196 668 308 732 consul
332 691 404 732 cum
427 670 527 734 fratre
550 670 622 734 fuit.
660 669 730 734 Vos
752 670 843 734 nulla
865 669 983 756 fatigat

102 755 189 820 Cura
212 756 267 820 diu
290 757 413 822 maiora
436 762 558 843 petens,
579 781 647 823 non
669 758 765 822 anxia
788 761 928 822 mentem
1083 776 1117 825 65

102 844 184 929 Spes
207 845 277 931 agit
300 849 332 908 et
355 845 454 932 longo
477 847 581 911 tendit
604 846 791 931 praecordia
814 851 904 910 voto:

103 932 267 1017 Coepistis
292 955 355 1017 quo
379 935 454 998 finis
479 939 555 999 erat.
601 934 783 999 Primordia
806 938 914 998 vestra

100 1021 168 1086 Vix
192 1022 287 1106 pauci
309 1045 453 1087 meruere
477 1045 578 1108 senes,
600 1027 766 1106 metasque
788 1023 906 1086 tenetis

100 1109 190 1174 Ante
212 1133 312 1196 genas
335 1111 443 1176 dulces
468 1133 564 1195 quam
586 1113 647 1175 flos
670 1111 823 1175 iuvenilis
846 1110 1009 1175 inumbret

101 1197 232 1282 Oraque
254 1198 374 1264 ridenti
397 1201 550 1286 lanugine
572 1200 690 1264 vestiat
713 1203 809 1263 aetas.
1083 1217 1117 1266 70

101 1287 161 1372 Tu,
184 1309 306 1373 precor,
329 1288 479 1375 ignarum
502 1288 625 1373 doceas,
647 1287 812 1372 Parnasia,
835 1290 951 1372 vatem,

101 1375 184 1452 Quis
208 1377 285 1440 deus
309 1377 467 1441 ambobus
490 1377 575 1441 tanti
599 1377 643 1440 sit
665 1376 808 1440 muneris
832 1379 952 1439 auctor.

169 1463 348 1548 Postquam
370 1464 536 1529 fulmineis
559 1464 728 1548 impellens
752 1464 878 1528 viribus
901 1464 1028 1528 hostem

100 1552 247 1638 Belliger
269 1551 438 1639 Augustus
461 1553 604 1637 trepidas
627 1553 792 1617 laxaverat
814 1550 924 1637 Alpes,

100 1641 208 1705 Roma
229 1640 337 1705 Probo
361 1641 493 1725 cupiens
517 1641 631 1727 dignas
654 1640 836 1725 persolvere
859 1645 967 1726 grates
1084 1657 1117 1706 75

101 1729 221 1794 Sedula
243 1752 302 1814 pro
324 1729 411 1794 natis
435 1729 601 1793 dominum
623 1731 745 1793 flexura
768 1730 912 1815 rogando

92 1816 153 1881 'Ire
177 1823 277 1901 parat.
321 1817 450 1882 Famuli
474 1840 603 1882 currum
626 1818 758 1882 iunxere
780 1819 944 1881 volantem

99 1904 247 1990 Impetus
269 1906 502 1990 horribilisque
524 1906 640 1992 Metus,
664 1906 720 1989 qui
744 1928 869 1991 semper
891 1909 1023 1991 agentes

99 1994 231 2059 Proelia
253 2018 326 2059 oum
348 1995 481 2059 fremitu
503 1995 641 2059 Romam
664 1995 860 2058 comitantur
882 1994 1008 2080 anheIO,

101 2082 179 2147 Sive
201 2087 290 2167 petat
312 2082 452 2148 Parthos
476 2106 532 2148 seu
556 2083 687 2168 cuspide
709 2084 820 2147 turbet
842 2082 1026 2167 Hydaspen.
1081 2099 1116 2148 80

100 2171 167 2235 Hic
189 2172 272 2257 ligat
294 2194 353 2236 axe
375 2176 478 2257 rotas3
500 2172 555 2240 hic
578 2172 637 2235 sub
661 2172 738 2257 iuga
760 2171 864 2235 ferrea
885 2171 987 2235 nectit

102 2259 300 2344 Cornipedes
323 2260 503 2346 rigidisque
527 2261 619 2324 docet
643 2261 763 2324 servire
785 2259 915 2343 lupatis

100 2348 190 2433 Ipsa,
213 2349 423 2432 triumphatis
447 2370 510 2432 qua
533 2349 678 2433 possidet
702 2348 832 2412 aethera
855 2348 973 2434 regnis,

100 2436 224 2502 Adsilit
247 2437 401 2521 innuptae
424 2437 507 2501 ritus
530 2437 658 2502 imitata
681 2437 853 2501 Minervae.
929 2491 931 2494 1

100 2525 187 2591 Nam
209 2548 313 2609 neque
336 2525 509 2590 caesariem
533 2525 648 2590 crinali
671 2525 829 2611 stringere
853 2525 943 2589 cultu
1081 2542 1116 2591 85

102 2613 195 2678 Colla
217 2635 277 2677 nec
300 2618 416 2678 ornatu
438 2614 563 2698 patitur
585 2613 713 2678 mollire
736 2618 872 2699 retort03
1199 2622 1201 2626 '

100 2703 260 2767 Dextrum
282 2703 368 2766 nuda
390 2702 486 2787 latus,
507 2703 621 2766 niveos
645 2707 754 2766 exerta
776 2702 924 2786 lacertos,

99 2791 265 2855 Audacem
288 2790 406 2877 retegit
427 2813 610 2876 mammam,
632 2791 805 2874 laxumque
829 2812 977 2854 coercens

99 2879 229 2944 Mordet
251 2901 378 2965 gemma
400 2879 521 2964 sinum3
542 2880 657 2964 nodus,
681 2879 737 2963 qui
761 2879 908 2943 sublevat
931 2900 1049 2963 ensem,

99 2967 224 3033 Album
245 2968 382 3052 puniceo
404 2972 516 3052 pectus
541 2968 742 3032 discriminat
766 2971 864 3031 ostro.
1080 2982 1114 3031 90

98 3056 257 3121 Miscetur
280 3055 387 3120 decori
409 3056 513 3120 virtus
536 3056 733 3140 pulcherque
757 3078 867 3121 severo

98 3145 256 3210 Armatur
277 3148 400 3209 terrore
423 3144 536 3230 pudor,
558 3145 732 3231 galeaeque
755 3144 874 3208 minaci

97 3233 200 3299 Flava
224 3237 428 3298 cruentarum
450 3234 671 3319 praetenditur
693 3234 808 3297 umbra
831 3233 989 3317 iubarum,

98 3323 144 3388 Et
167 3322 342 3387 formidato
366 3322 488 3408 clipeus
511 3322 628 3386 Titana
650 3322 780 3386 lacessit

97 3411 245 3496 Lumine,
269 3433 364 3495 quem
386 3415 457 3476 tota
478 3411 620 3475 variarat
642 3410 802 3474 Mulciber
825 3415 906 3474 arte:
1078 3424 1112 3474 95

98 3499 164 3564 Hic
185 3499 312 3584 patrius
335 3499 492 3564 Mavortis
516 3521 606 3564 amor
627 3499 777 3583 fetusque
798 3501 954 3564 notantur

873 3606 910 3662 qis
