2438 3832
253 112 537 170 ADNOTATIONES
557 113 731 169 CRITICAE.
917 115 1008 170 XLIX

129 274 288 329 cusatirum
306 273 375 344 poni
393 274 423 328 in
442 274 598 330 Claudiano
621 292 677 330 non
700 274 829 342 memini3
854 275 956 331 deinde
974 277 1006 330 in

132 346 240 400 duabus
265 345 509 400 sententiandi
532 349 562 400 et
583 350 629 414 54,
658 346 727 414 quia
754 363 805 416 per
832 350 1007 416 anaphoram

130 417 244 471 iunctae
264 419 337 486 sunt,
357 416 457 471 eadem
470 417 642 472 constructio
658 417 789 487 exigitur.
821 417 954 472 nimirum
969 420 1005 473 ad

127 491 247 560 incipitis
266 488 453 559 supplendum
472 491 516 543 est
534 491 599 558 erit,
623 489 669 543 cui
691 490 845 558 respondet
866 492 1004 547 ornabere.

22 560 75 614 [IV
127 559 235 684 fficio
254 561 376 614 carmine
395 559 430 615 ct.
451 559 653 614 Buechelerum
677 559 753 631 apud
771 559 892 614 Birtium
914 561 1004 632 praef.

246 649 273 685 n.
288 637 312 685 6.

22 702 74 757 XV
90 708 106 756 5
124 710 212 757 inasto
230 704 374 757 sudantem
391 703 507 757 acatiiat
524 701 618 772 acam]
638 701 789 756 lectionem
807 702 948 757 stabilivit
961 703 1005 759 Bi.

128 789 181 826 nec
203 772 344 827 inutiliter
366 771 527 827 conferatur
551 771 719 841 anthologia
743 772 835 827 latina
858 774 901 828 ed.
920 774 1004 830 Riese

127 849 218 898 ctis
236 853 306 900 v.3:
325 845 705 916 amarissimam.

74 919 109 969 13
127 916 270 987 oapaates]
283 914 432 969 Heinsium
446 917 559 968 secutus
569 914 677 984 recepi,
690 931 757 968 nam
766 923 913 986 acpaatar,
927 917 1004 985 quod

129 987 267 1056 praebent
282 986 350 1040 libri
363 1002 468 1055 omnes,
488 985 647 1055 asyndeton
661 985 757 1055 efficit,
777 986 852 1054 quod
867 993 1004 1055 qnantum

128 1059 224 1127 potest
242 1056 331 1112 evitat
348 1059 435 1127 poeta
452 1056 483 1110 in
500 1055 555 1110 tali
574 1055 780 1126 compositione
799 1058 1004 1114 sententiarum

128 1145 178 1198 per
196 1129 312 1198 copulas
329 1128 488 1184 coniuncta.
520 1129 645 1182 ceterum
658 1127 770 1181 Heinsii
789 1127 1004 1197 elegantissima

129 1199 291 1254 coniectura
309 1199 486 1268 aliquantum
504 1198 615 1253 tollitur
642 1199 763 1253 molesta
785 1198 920 1268 repetitio
944 1217 1003 1255 ver-

128 1271 227 1325 borum
245 1271 275 1324 in
292 1289 329 1327 ar
346 1268 567 1326 terminantium.

75 1348 110 1398 28
124 1343 261 1414 papillas]
280 1342 353 1396 hanc
371 1358 469 1396 rocem
488 1341 564 1395 solus
582 1341 604 1394 P
624 1343 755 1409 testatur,
775 1340 854 1396 cuins
874 1344 1002 1398 testimo-

126 1412 205 1467 nium
223 1413 394 1468 auctoritate
413 1430 446 1467 eo
465 1411 611 1481 increscit,
635 1413 710 1480 quod
729 1415 770 1466 V¹
790 1411 821 1465 in
843 1412 897 1468 hoc
919 1431 1002 1469 versu

129 1485 223 1554 deest,
243 1485 316 1539 solet
335 1486 431 1538 autem
448 1484 471 1537 P
489 1501 553 1537 cum
571 1483 614 1538 V¹
633 1483 801 1553 conspirare.
839 1485 1003 1554 capillorum

127 1555 233 1610 mentio
251 1558 424 1624 postcomm
442 1556 518 1608 certe
536 1553 738 1609 molestissima
757 1555 883 1625 videtur,
904 1573 1004 1624 quam-

128 1643 214 1695 quam
237 1626 369 1681 similiter
392 1626 523 1695 peccavit
546 1625 653 1679 Seneca
676 1625 838 1695 apotheosis
858 1643 881 1681 c.
896 1632 914 1679 4
931 1645 957 1683 v.
973 1634 1001 1682 3:

127 1704 158 1752 at
175 1698 304 1753 Lachesis
326 1699 455 1756 redimita
476 1713 577 1764 comas,
600 1703 701 1752 oracta
723 1699 846 1778 capillos.
877 1700 1003 1768 papillas

127 1768 277 1891 memorari
291 1767 468 1823 commendat
478 1768 565 1821 etiam
574 1784 670 1821 versus
682 1775 707 1836 7,
721 1768 771 1821 ubi
781 1775 877 1838 pectas
890 1776 1003 1826 cautam

142 1855 156 1893 e
179 1838 242 1894 ‘tun

75 1916 110 1965 30
130 1857 248 2034 caballi}
268 1927 363 1965 omnes
382 1911 495 1980 praeter
507 1909 539 1978 E,
560 1910 608 1976 qui
626 1909 715 1963 habet
724 1911 823 1979 poscit.
855 1910 904 1963 sed
920 1928 1002 1980 qaae-

126 1984 201 2036 ritwr
244 1997 409 2050 ymenaeus,
437 1982 505 2049 quia
521 1981 602 2050 latet,
622 1981 651 2034 et
669 1983 822 2050 quaesitam
845 1997 908 2034 eum
932 1998 1001 2049 esse,

127 2069 183 2106 nou
197 2054 378 2122 postulatam,
396 2053 480 2106 docet
498 2068 594 2104 versus
609 2056 644 2105 34
658 2051 706 2106 ubi
720 2051 863 2106 invenitur
876 2051 923 2106 vel
937 2069 1001 2108 coa·

127 2125 244 2193 spicitwr
258 2125 375 2179 maciem.
408 2122 529 2190 denique
542 2122 716 2192 praepositio
730 2124 802 2178 iatcr
816 2142 841 2177 v.
852 2128 886 2177 29
900 2123 1002 2177 melius

128 2210 192 2247 cum
210 2212 337 2263 qaacrcre
355 2210 441 2262 quam
459 2210 522 2247 cum
536 2210 647 2262 poscere
665 2192 854 2262 coniungitur.

74 2271 109 2321 '10
128 2266 236 2337 matris]
245 2264 377 2319 Heinsius
381 2267 481 2334 patris.
496 2268 556 2318 tam
563 2281 678 2333 gravem
684 2265 871 2318 mutationem
877 2265 1000 2319 utevite-

128 2354 198 2404 mus,
211 2336 242 2389 in
251 2335 396 2390 Celerinae
405 2338 538 2404 parentes
548 2335 756 2390 accuratissime
767 2335 890 2390 excussis
899 2337 1001 2405 poetae

129 2406 223 2460 verbis
242 2406 440 2474 inquirendum
459 2405 521 2460 erit.
553 2408 583 2459 et
600 2405 721 2475 primurn
735 2406 852 2460 maximi
865 2407 1002 2462 momenti

128 2477 183 2532 hoc
201 2495 263 2532 esse
279 2477 399 2546 videtur,
419 2477 494 2544 quod
509 2476 653 2531 Celerinae
666 2476 756 2546 patris
771 2494 874 2532 nomen
887 2496 1001 2548 prorsus

128 2551 238 2603 tacetur
255 2567 282 2604 v.
297 2552 331 2602 83
351 2551 484 2619 (percitos).
523 2563 572 2600 cur
594 2549 736 2618 taceatur,
760 2549 901 2603 nescimus
925 2567 1001 2604 sane.

127 2619 185 2674 iarn
203 2636 269 2674 vero
288 2618 416 2674 Celerina
433 2618 528 2674 Tomis
551 2621 621 2672 nata
643 2622 687 2673 est
711 2622 739 2673 et
763 2620 860 2674 accola
878 2620 1002 2675 Danuvii

127 2708 152 2744 v.
169 2696 216 2760 ⁷0,
236 2693 265 2744 et
282 2690 379 2744 indole
397 2689 511 2759 Scytica
529 2695 635 2755 v.135;
660 2707 727 2760 ergo
745 2690 823 2745 haud
841 2694 901 2746 veri
920 2692 1002 2746 dissi-

128 2761 233 2816 militer
252 2762 404 2816 conieceris
422 2763 532 2830 patrem
550 2760 644 2830 ipsum
661 2761 748 2816 fuisse
770 2761 931 2831 Scythicum
945 2762 963 2817 i.
975 2779 999 2820 e.

128 2836 177 2887 aut
195 2832 317 2887 Gothum
344 2834 394 2886 aut
416 2831 517 2886 similis
540 2831 667 2901 originis.
698 2831 729 2886 id
752 2833 880 2888 firmatur
898 2840 1000 2904 v.127,

127 2903 176 2958 ubi
194 2905 292 2960 Hister
310 2906 423 2973 patrias
446 2902 550 2958 dicitur
567 2902 585 2958 i.
605 2920 629 2957 e.
654 2902 692 2956 ad
714 2906 825 2973 patrem
847 2904 1001 2974 pertinens.

127 2992 211 3044 porro
222 2975 256 3028 de
266 2977 348 3044 patre
362 2973 482 3044 legimus
496 2976 658 3047 copaomiaa
671 2977 787 3046 sumpsit
796 2978 882 3046 picria
892 2978 1002 3046 damin,

126 3045 583 3172 illibatissimi
596 3046 1002 3186 ttattttlthlttsa

127 3188 312 3257 defueratque
339 3188 474 3243 nobilitas
498 3188 558 3242 eius
581 3186 668 3257 genti.
707 3204 780 3256 quae
803 3188 1000 3257 interpretatio

127 3258 152 3312 si
167 3276 224 3314 non
238 3258 434 3328 improbabilis
450 3262 502 3329 est,
520 3258 705 3328 intellegitur,
726 3277 780 3327 quo
795 3260 854 3312 iure
869 3259 1000 3314 Claudia-

126 3348 179 3384 nus
198 3330 342 3386 Celerinae
361 3347 480 3400 sponsae
498 3329 678 3385 nobilitatem
696 3348 721 3384 v.
738 3335 771 3384 70
791 3347 825 3384 ex
843 3333 934 3385 matre
953 3330 1000 3386 de-

127 3401 248 3456 duxerit.
292 3404 375 3471 pater
406 3401 543 3456 barbarus
575 3401 606 3455 in
636 3400 848 3455 matrimonium
883 3402 1001 3456 duxerat

127 3471 248 3528 Celerini
274 3475 390 3543 neptem
418 3476 468 3528 aut
494 3475 662 3545 proneptem
688 3488 848 3543 domandus
873 3472 1011 3528 Calatina

37 3572 179 3614 crismam
192 3572 253 3624 Ora,
267 3573 301 3615 od.
314 3573 402 3617 Koch.
787 3563 811 3618 C

22 489 51 528 F*
