2438 3832
103 150 169 214 142
433 146 580 203 CLAVDII
599 145 798 203 CLAVDIANI

103 311 244 377 Inclinat
268 310 379 376 dextra
402 315 548 395 pateram
571 313 756 394 secretaque
778 307 850 373 Beli

103 400 150 466 Bt
173 422 257 487 vaga
280 403 420 464 testatur
442 400 625 465 volventem
649 399 752 463 sidera
774 397 939 479 Mithram.

104 488 140 555 Si
164 490 292 573 quando
316 488 412 553 sociis
434 493 542 554 tecum
564 487 735 552 venatibus
756 486 859 571 ibant,

106 576 185 655 Quis
210 577 387 642 Stilichone
410 578 500 661 prior
522 577 608 641 ferro
631 580 798 660 penetrare
821 575 931 640 leones

106 666 293 732 Comminus
317 670 374 731 aut
396 667 493 752 longe
515 665 660 752 virgatas
683 666 781 751 figere
804 663 931 750 tigres?

103 754 264 820 Flectenti
287 755 398 819 faciles
422 756 518 819 cessit
541 754 603 819 tibi
625 752 739 817 Medus
762 752 922 839 habenas3

105 843 294 928 Torquebas
317 844 466 930 refugum
488 842 619 908 Parthis
642 842 837 907 mirantibus
859 863 978 906 arcum.

171 932 304 998 Nubilis
326 932 449 997 interea
471 937 617 996 maturae
639 930 775 1017 virginis
799 934 888 995 aetas

100 1020 247 1108 Vrgebat
269 1021 392 1105 patrias
416 1043 572 1105 suspenso
595 1019 739 1104 principe
758 1041 861 1105 curso,
1086 1036 1120 1090 ‘10

102 1110 203 1187 Quem
227 1110 325 1175 simul
347 1110 546 1194 imperioque
569 1109 681 1173 ducem
703 1113 863 1192 nataeque
885 1107 1041 1175 maritum

101 1199 320 1285 Prospiceret3
343 1199 459 1264 dubius
482 1202 554 1263 toto
578 1197 752 1282 quaerebat
775 1198 816 1260 ab
840 1219 898 1261 axe

101 1288 247 1374 Dignum
271 1288 421 1374 coniugio
445 1309 599 1375 generum
621 1286 838 1369 thalamisque
862 1284 1008 1351 Serenae.

101 1374 262 1440 Iudicium
284 1376 416 1440 virtutis
439 1380 524 1461 erat3
546 1397 604 1459 per
626 1380 741 1460 castra,
763 1397 821 1458 per
842 1375 949 1461 urbes,

103 1465 165 1529 Per
187 1464 326 1548 populos
350 1464 449 1528 animi
473 1464 655 1529 cunctantis
677 1464 761 1528 libra
785 1464 935 1531 cucurrit.
1085 1478 1118 1533 ab

102 1552 153 1617 Tu
175 1552 293 1639 legeris
315 1557 489 1637 tantosque
512 1553 609 1640 viros,
632 1574 714 1636 quos
738 1552 858 1617 obtulit
882 1551 980 1639 orbis,

102 1640 193 1706 Intra
217 1642 386 1707 consilium
409 1642 511 1706 vincis
535 1663 728 1726 sensumque
750 1641 898 1729 legentis

101 1729 147 1794 Bt
169 1752 268 1816 gener
289 1729 449 1818 Augustis
473 1731 551 1796 olim
575 1752 665 1796 socer
690 1731 759 1814 ipse
781 1731 911 1795 futurus

101 1818 245 1884 Accedis.
282 1819 393 1883 Radiis
417 1820 487 1884 auri
510 1819 671 1904 Tyriaque
695 1819 841 1903 superbit

102 1907 272 1972 Maiestate
294 1912 400 1995 torus3
424 1909 578 1973 comitata
599 1907 789 1992 parentibus
812 1908 879 1972 exit
1082 1925 1116 1976 80

101 1996 275 2081 Purpureis
298 1997 400 2084 virgo.
436 1996 553 2062 Stabat
575 2001 668 2081 pater
689 1997 763 2060 inde
786 1997 928 2080 tropaeis

100 2084 250 2172 Inclitus3
273 2085 347 2150 inde
369 2087 459 2170 pium
482 2087 596 2151 matris
618 2087 730 2172 regina
753 2086 886 2171 gerebat

101 2173 300 2258 Obsequium
322 2176 476 2261 gravibus
500 2175 693 2240 subnectens
715 2175 863 2239 flammea
886 2174 1031 2260 gemmis.

100 2263 190 2328 Tune
213 2268 245 2328 et
269 2263 354 2328 Solis
379 2287 488 2350 equos,
511 2269 589 2329 tunc
612 2264 774 2328 exultasse
798 2263 923 2327 choreis

100 2351 200 2417 Astra
223 2353 332 2416 ferunt
354 2353 524 2436 mellisque
547 2353 637 2417 lacus
661 2355 693 2416 et
716 2351 850 2415 flumina
872 2351 967 2417 lactis
1081 2368 1115 2420 86

99 2439 256 2523 Erupisse
279 2440 359 2526 sole,
383 2462 456 2505 cum
478 2442 613 2506 floribus
636 2462 776 2524 aequora
799 2441 906 2504 vernis

99 2526 288 2610 Bosphorus
310 2529 457 2594 indueret
480 2531 645 2614 roseisque
669 2530 795 2593 evincta
818 2529 945 2593 coronis

101 2615 269 2682 Certantes
291 2616 389 2682 Asiae
412 2619 522 2684 taedas
544 2619 677 2702 Europa
699 2619 829 2682 levaret.

165 2705 258 2769 Felix
281 2707 407 2779 arbitrii
429 2709 588 2794 princeps,
612 2708 667 2791 qui
690 2728 833 2792 congrua
855 2706 976 2771 mundo

98 2793 224 2860 Iudicat
248 2799 280 2859 et
302 2796 425 2879 primus
449 2801 566 2883 censet,
590 2796 676 2881 quod
700 2795 859 2860 cernimus
882 2817 1002 2861 omnes.
1081 2814 1116 2864 90

98 2883 209 2950 Talem
234 2884 351 2969 quippe
374 2886 479 2950 virum
501 2886 588 2950 natis
611 2884 758 2950 adiunxit
781 2888 813 2948 et
836 2885 938 2971 aulae,

99 2972 159 3038 Oui
181 2995 286 3056 neque
308 2974 451 3039 luxuries
474 2974 561 3039 bello
583 2996 643 3039 nec
665 2973 784 3039 blanda
805 2974 935 3057 periclis

99 3060 174 3126 Otia
195 3084 255 3126 nec
277 3062 359 3127 lucis
381 3063 507 3128 fructus
529 3063 702 3147 pretiosior
724 3084 878 3145 umquam

97 3150 207 3235 Laude
230 3151 301 3215 fuit.
339 3150 418 3227 Quis
440 3153 526 3216 enim
548 3151 646 3216 Visos
669 3152 704 3215 in
725 3150 872 3234 plaustra
895 3152 1018 3218 feroces

98 3239 253 3323 Reppulit
276 3243 332 3303 aut
356 3261 450 3304 saeva
472 3240 620 3306 Promoti
644 3240 737 3305 caede
760 3243 922 3305 tumentes
1081 3261 1117 3312 aa

97 3326 272 3392 Basternas
295 3350 360 3392 una
382 3329 490 3412 potuit
514 3329 618 3395 delere
640 3328 756 3394 ruina?

168 3526 202 3575 62
218 3520 295 3594 Beli}
313 3521 452 3598 Scalipcm
470 3523 547 3581 belli.
