2438 3832
94 158 191 213 XXIV
368 154 655 211 ADNOTATIONES
675 154 849 212 cardeia.

174 317 199 371 si
218 317 396 371 enuntiatum
414 332 513 384 regens
531 315 689 371 efficeretur
706 315 799 371 verbis
818 318 913 372 aciatis
932 359 938 371 .
955 359 960 370 .
978 358 984 371 .
1003 319 1125 385 coronis,

173 388 384 458 inexpectatum
405 386 605 456 ingratumque
628 386 803 442 existumavi.
840 388 917 455 quod
938 386 988 455 qui
1007 390 1122 456 reputa·

173 459 255 525 verit,
273 458 393 513 fortasse
413 457 583 526 scripturam
602 475 688 525 quam
707 457 799 511 obtuli
818 458 961 528 probabit.

102 538 154 586 201
174 531 217 602 aa]
236 529 334 593 VPH;
353 532 411 584 aiei
428 528 539 596 reliqui.

103 608 154 656 241
173 602 302 672 Iuptrmo]
326 600 369 656 Bi.
392 599 541 670 proposuit
564 615 597 652 ac
619 598 748 653 defendit
769 598 800 653 iu
823 600 912 668 praei.
930 618 958 669 p.
973 599 1034 654 CIV
1051 618 1078 654 n.
1095 605 1119 654 2.

173 674 212 728 Ia
226 674 319 741 priano
337 672 420 738 enim,
440 670 516 738 quod
534 670 642 724 habent
661 687 757 724 omnes
771 670 846 736 libri,
867 671 930 740 quis
945 687 1044 726 sanum
1059 687 1124 725 esse

174 743 231 797 sibi
243 742 430 812 persuadeat?
449 741 495 795 vel
509 740 572 809 quis
586 741 709 796 Gesnero
723 757 774 810 pro
790 742 922 811 ‘primum
935 743 965 796 iu
978 741 1119 812 genitore’

176 813 329 883 accipienti
349 811 543 868 adsentiatur?

105 889 157 939 247
172 885 297 955 pataret]
329 884 404 938 hunc
435 882 693 952 manuscriptorum
724 899 891 938 consensum
918 886 951 939 ut
978 884 1123 939 desereret

174 956 296 1010 Birtium
313 956 392 1009 locus
411 953 516 1008 Alcimi
533 953 613 1008 Aviti
630 972 653 1010 e.
669 955 707 1008 VI
721 959 774 1009 259
797 971 909 1010 movere
931 973 988 1010 non
1009 955 1121 1021 debuit;

174 1027 216 1081 ibi
240 1027 315 1080 enim
338 1026 424 1080 verba
448 1025 541 1094 ‘signa
569 1026 680 1094 petunt’
709 1026 817 1080 habent
846 1025 901 1080 sibi
929 1025 1122 1080 accusativum

175 1097 381 1167 dependentem
407 1095 620 1162 ‘adversarios',
646 1095 693 1150 hic
717 1099 811 1151 autem
835 1097 860 1151 si
882 1098 961 1167 legas
986 1098 1018 1154 a·
1040 1100 1122 1168 siqua

170 1172 339 1240 petteeeut
357 1170 446 1236 oboe'o,
464 1167 599 1222 traditam
618 1166 769 1222 lectionem
783 1169 830 1222 vix
844 1167 1051 1233 emendaveris3
1066 1168 1124 1221 nisi

175 1240 252 1309 quod
271 1255 338 1293 sane
357 1237 508 1292 transitiva
526 1238 586 1292 sine
606 1238 717 1292 obiecto
737 1239 807 1293 satis
831 1239 862 1293 in
884 1239 995 1294 deliciis
1018 1238 1121 1293 habuit

175 1314 261 1381 poeta
280 1309 333 1380 (Bi.
353 1308 441 1378 praef.
460 1326 487 1378 p.
503 1308 644 1378 CCXXV).

103 1387 155 1439 299
172 1389 253 1453 patre
271 1382 383 1452 roureto]
403 1379 472 1449 quid
490 1380 596 1433 habeat
615 1379 777 1435 offensionis
784 1377 838 1435 'hio
853 1381 930 1435 Iocus
945 1397 1058 1450 quaque
1074 1381 1125 1435 via

175 1452 315 1507 medelam
335 1451 484 1506 adsecutus
504 1450 570 1519 eim,
590 1451 666 1520 apud
687 1451 726 1507 Bi.
745 1451 804 1505 iam
823 1451 981 1522 expositum
1000 1454 1051 1507 est.
1086 1452 1122 1506 de

174 1523 321 1594 participii
346 1523 492 1576 ‘remotus’
520 1521 550 1575 in
573 1521 628 1576 fine
650 1539 747 1577 versus
770 1522 858 1592 positi
881 1541 934 1578 usu
956 1526 1123 1592 praeamata

175 1595 210 1650 cf.
228 1598 342 1664 praeter
360 1593 453 1647 Iocum
471 1592 531 1646 illic
550 1592 711 1647 adhibitum
731 1594 816 1648 etiam
836 1595 923 1648 Maul.
937 1594 1044 1649 Theod.
1059 1599 1122 1659 247,

173 1666 261 1736 Nupt.
280 1671 315 1718 42
335 1667 364 1719 et
382 1669 447 1730 325,
475 1664 561 1734 Rapt.
579 1664 593 1717 I
611 1670 676 1730 219,
705 1665 774 1720 Bell.
790 1665 956 1732 60411421,
985 1665 1024 1720 VI
1044 1682 1121 1721 cons.

173 1736 246 1791 Hon.
266 1741 331 1801 44⁷3
358 1752 410 1790 nec
429 1735 550 1790 fortasse
578 1736 637 1789 siue
664 1735 758 1791 fructu
786 1736 971 1791 conferendus
995 1738 1039 1790 cst
1062 1735 1122 1805 epi-

174 1807 289 1876 taphius
309 1805 468 1860 Constantii
487 1805 582 1860 Chlori
605 1806 658 1860 hoc
679 1807 742 1877 ipso
766 1823 839 1861 anno
859 1826 876 1861 a
895 1809 1068 1862 Mommseno
1091 1807 1123 1860 in

174 1879 296 1933 Hermae
305 1880 382 1932 tomo
392 1876 510 1931 XXVIII
519 1877 620 1946 editus,
636 1877 685 1931 ubi
693 1896 790 1932 vorsus
800 1884 847 1933 1⁷:
862 1881 952 1934 tristes
965 1885 1041 1934 aaut
1050 1881 1124 1934 acies

173 1966 291 2022 mapuo
310 1951 447 2005 ductore
465 1956 595 2004 remoto.

103 2027 155 2076 330
174 2023 292 2077 demotos
309 2022 398 2076 tenuat
415 2021 519 2088 [idcicro
533 2019 662 2092 Mauros]
683 2018 723 2073 sio
742 2018 870 2089 plerique
884 2022 913 2075 et
928 2020 1028 2089 optimi
1045 2019 1122 2088 libri,

174 2094 273 2146 contra
291 2107 361 2160 quos
380 2093 491 2149 deuictis
514 2093 615 2146 tuomit
638 2093 773 2147 dementia
791 2091 904 2147 Maura
929 2091 1036 2146 Bittius
1061 2093 1122 2146 sine

173 2163 343 2218 necessitate
357 2160 524 2231 praetulisse
535 2161 658 2228 videtum
674 2162 708 2218 cf.
722 2163 809 2217 etiam
824 2162 883 2216 eius
899 2161 1120 2221 adnotationem.

103 2240 155 2290 347
174 2235 293 2305 Servati]
321 2233 376 2287 hac
403 2249 472 2286 voce
500 2231 621 2287 offensus
647 2233 689 2289 Bi.
715 2235 825 2289 Deoicti
852 2233 1037 2303 excogitavit,
1068 2250 1122 2304 ego

173 2304 362 2360 rectissimam
388 2303 539 2357 lectionem
566 2303 703 2357 traditam
729 2307 813 2373 put03
846 2308 879 2359 ut
907 2305 980 2359 enim
1010 2305 1122 2359 Firmus

173 2375 341 2439 Theodosio,
359 2375 402 2428 ita
420 2373 503 2429 Gildo
517 2374 640 2429 Honorio
660 2375 697 2428 ad
715 2375 884 2429 vincendum
904 2379 1032 2431 servatus
1051 2377 1080 2443 (i.
1097 2393 1121 2432 e.

173 2447 345 2516 reservatus)
364 2447 422 2512 est,
442 2461 497 2512 quo
516 2444 616 2500 melior
634 2445 745 2516 fulgeat
763 2446 855 2517 gloria
873 2446 971 2501 domus
991 2448 1119 2502 Theodo-

174 2517 287 2572 siorum.
324 2518 449 2570 ceterum
475 2517 573 2570 eodem
599 2533 682 2571 sensu
709 2532 807 2572 vocem
831 2518 964 2572 ‘servare’
990 2517 1125 2572 adhibuit

173 2591 260 2714 ροῗῒε,
282 2587 313 2641 in
331 2587 407 2641 Eutr.
422 2587 562 2655 1136qu
593 2589 696 2658 Quom,
720 2590 849 2657 nomiae,
864 2607 984 2660 poenam
1005 2593 1123 2646 ocreatis

173 2662 284 2716 sceeri?

102 2737 154 2786 395
177 2730 294 2802 Occidit]
314 2733 345 2782 Π
348 2729 409 2796 BA,
432 2729 585 2784 obtruncat
603 2746 667 2784 cum
682 2730 752 2784 VOr
767 2729 881 2797 Birtius‚
901 2731 949 2784 sed
965 2731 1035 2801 ipse,
1053 2731 1123 2800 quia

173 2819 224 2871 per
251 2803 344 2856 totum
371 2799 550 2854 enuntiatum
574 2804 689 2869 tempus
716 2802 902 2871 praeteritum
929 2801 1056 2871 obtinet,
1085 2802 1122 2856 de

172 2872 295 2928 lectione
314 2870 440 2940 optimae
459 2869 594 2925 librorum
616 2871 713 2926 classis
738 2873 889 2927 dubitabat
908 2876 946 2942 (p.
965 2872 1120 2940 CCXXIII).

99 2950 154 2999 402
173 2945 244 3015 Hac]
259 2944 338 2998 Hibe
351 2942 377 2995 V
386 2941 434 3010 ¹P;
450 2941 500 2996 sed
514 2942 587 2996 illud
597 2959 659 2996 cum
670 2943 690 2999 C
701 2944 821 2998 maxime
830 2943 951 3010 restitui,
968 2943 1122 2999 Gesnerum

174 3016 286 3070 secutus
314 3012 393 3067 euius
421 3012 508 3068 verba
536 3013 663 3083 adpone:
693 3015 764 3069 ‘Sed
793 3015 983 3070 excusationis
1012 3014 1122 3084 aliquid

174 3085 277 3140 habuit
290 3087 401 3150 Atreus,
422 3083 470 3152 qui
489 3102 519 3138 se
532 3084 672 3154 Thyestae
692 3086 871 3149 adulterium,
891 3087 922 3140 in
936 3085 1056 3156 coniuge
1071 3103 1124 3140 sua

172 3158 282 3227 Aerope
306 3155 476 3224 admissum,
505 3155 595 3210 ultum
620 3156 705 3211 ierit'
748 3159 806 3213 Hac
834 3160 927 3212 autem
950 3157 969 3212 i.
989 3174 1011 3213 e.
1034 3157 1123 3227 ‘apud

172 3228 308 3282 Firmum’
326 3228 428 3295 odiam,
446 3243 504 3282 coa
519 3243 611 3297 meaa
627 3228 692 3295 fuit.

100 3306 154 3355 414
172 3300 250 3369 dam]
279 3300 378 3353 oontm
399 3297 452 3352 VP
476 3301 524 3366 qui
548 3299 684 3367 praebent
706 3317 781 3369 mm,
810 3299 917 3370 recepi;
945 3299 1018 3354 illud
1046 3299 1122 3355 enim

174 3385 293 3439 semper,
312 3369 366 3424 hoc
384 3366 475 3423 rarius
494 3368 680 3424 indicativum
698 3371 834 3440 postulat.

100 3448 153 3496 441
172 3442 261 3512 oneri]
280 3443 373 3497 ouium
387 3440 413 3494 V
432 3440 521 3509 solus,
548 3458 632 3509 quam
655 3442 807 3497 lectionem
830 3442 885 3497 etsi
909 3441 1051 3512 sagaciter
1074 3442 1122 3496 de-

172 3511 289 3566 fendere
307 3509 452 3581 proximus
471 3510 564 3566 editor
577 3515 696 3567 conatus
711 3516 763 3581 est,
781 3517 878 3568 tamen
891 3513 1020 3582 accipere
1033 3513 1122 3568 uolui.
