2438 3832
96 157 182 227 (VlI.)
200 156 384 213 PANEGYR.
403 157 451 210 DE
471 156 606 213 TERTIO
626 156 843 213 CONSVLATV
863 156 1025 216 HONORII.
1052 158 1115 224 109

97 319 277 384 Fortunate
299 343 429 406 parona,
451 320 573 404 primos
598 342 671 385 cum
694 321 817 407 detegis
842 325 946 407 ortus,

96 408 249 492 Adspicis
272 409 459 495 Arcadium,
483 432 556 473 cum
578 415 611 473 te
633 410 809 494 proclivior
831 433 942 497 urgeS,

97 496 274 562 Occiduum
297 499 386 563 visus
409 502 590 562 remoratur
611 498 778 563 Honorius
801 499 922 585 ignem3
1063 515 1115 565 180

96 587 142 650 Et
166 609 368 670 quocumque
391 609 491 673 vagos
514 589 625 651 flectas
650 587 710 651 sub
735 588 862 651 cardine
886 610 1013 673 cursus,

96 674 260 739 Natorum
283 698 340 760 per
362 698 462 762 regna
484 675 588 761 venia,
612 676 667 759 qui
690 682 798 741 mente
821 699 933 741 serena

98 764 293 847 Maturoque
316 769 433 851 regunt
456 765 583 828 iunctas
606 765 823 830 moderamine
846 769 972 851 gentes,

98 851 233 917 Saecula
257 853 312 936 qui
336 876 448 917 rursus
471 854 613 918 formant
636 853 768 918 meliore
791 854 932 918 metallo.

97 942 203 1027 Luget
226 940 389 1006 Avarities
413 942 536 1028 Stygiis
559 943 676 1006 innexa
699 943 821 1008 catenis
1065 959 1114 1009 185

100 1030 244 1113 Cumque
268 1053 327 1094 suo
351 1031 480 1095 demens
505 1031 677 1115 expellitur
698 1030 852 1096 Ambitus
876 1054 963 1096 aure.

98 1118 176 1182 Non
199 1119 407 1184 dominantur
430 1128 507 1204 opes
529 1142 588 1183 nec
612 1120 850 1204 corrumpentia
874 1142 988 1184 sensus

99 1208 195 1271 Dona
217 1209 339 1272 valent:
364 1208 481 1272 emitur
505 1209 574 1272 sola
597 1208 717 1273 virtute
739 1213 894 1292 potestas.

166 1296 320 1361 Vnanimi
344 1298 475 1382 fratres,
498 1319 635 1380 quorum
658 1319 746 1361 mare
769 1300 919 1382 terraque
942 1296 1018 1361 fatis

99 1384 257 1471 Debetur,
281 1386 505 1469 quodcumque
527 1408 642 1451 manus
666 1386 767 1450 evasit
791 1387 908 1472 avitaS,
1067 1402 1116 1452 190

101 1473 194 1549 Quod
218 1480 364 1559 superest
387 1475 485 1558 patri:
508 1475 601 1539 vobis
624 1475 690 1538 iam
713 1475 872 1540 Mulciber
895 1497 983 1539 arma

100 1561 275 1647 Praeparat
299 1569 331 1627 et
355 1562 463 1627 Sicula
488 1563 626 1647 Cyclops
649 1564 764 1628 incude
787 1564 928 1648 laborat,

100 1651 238 1716 Brontes
262 1652 438 1716 innumeris
463 1656 631 1737 exasperat
654 1652 767 1738 aegida
791 1653 906 1738 signis,

100 1737 215 1803 Altum
238 1741 394 1805 fulminea
417 1741 557 1825 crispare
580 1741 614 1805 in
637 1741 760 1805 casside
783 1762 899 1805 conum

99 1828 247 1893 Festinat
271 1829 437 1915 Steropes,
458 1830 559 1894 nectit
582 1829 716 1893 thoraca
738 1830 925 1917 Pyragmon
1067 1847 1117 1896 195

100 1916 314 2004 Ignifluisque
337 1918 437 2004 gemit
460 1918 577 2002 Lipare
600 1919 727 1982 fumosa
751 1918 903 1983 cavernis.

101 2005 205 2069 Vobis
229 2005 321 2071 Ionia
343 2007 461 2071 virides
483 2006 657 2090 Neptunus
680 2006 715 2070 in
738 2008 811 2093 alga

99 2094 215 2159 Nutrit
238 2118 352 2180 equos,
376 2095 431 2178 qui
455 2118 580 2159 summa
603 2095 679 2159 freti
701 2117 758 2178 per
782 2095 909 2159 caemla
931 2095 1059 2179 possint

100 2182 198 2247 Ferre
221 2184 307 2248 viam
331 2189 535 2270 segetemque
558 2183 622 2248 levi
644 2205 830 2267 percurrere
853 2187 958 2268 motu,

100 2271 235 2336 Nesciat
259 2278 296 2336 ut
320 2295 450 2356 spumas
473 2296 532 2337 nec
554 2277 700 2357 proterat
723 2272 845 2358 ungula
869 2272 1001 2336 culmos.
1046 2288 1117 2338 '200

100 2359 171 2424 Iam
193 2361 285 2426 video
308 2362 478 2445 Babylona
500 2361 571 2446 rapi
594 2361 815 2445 Parthumque
838 2364 985 2425 coactum

101 2449 180 2514 Non
202 2451 278 2514 ficta
301 2451 461 2534 trepidare
484 2451 575 2537 fuga,
597 2451 662 2514 iam
684 2450 803 2514 Bactra
825 2449 928 2514 teneri

101 2539 245 2624 Legibus
269 2544 301 2602 et
324 2539 454 2603 famulis
479 2538 614 2626 Gangen
635 2540 810 2623 pallescere
833 2538 912 2622 ripis

101 2626 351 2710 Gemmatosque
374 2628 529 2692 humilem
553 2628 735 2714 dispergere
757 2627 890 2692 Persida
914 2628 1028 2691 cultus

100 2714 150 2779 Ite
173 2738 231 2799 per
253 2722 431 2780 extremum
454 2716 589 2780 Tanaim
611 2717 786 2803 pigrosque
810 2716 957 2801 Triones,
1065 2731 1117 2781 205

101 2802 151 2867 Ite
174 2827 231 2888 per
255 2805 418 2870 ardentem
440 2805 591 2891 Libyam,
615 2810 764 2889 superate
786 2826 922 2888 vapores

103 2891 189 2956 Solis
214 2899 245 2957 et
270 2916 403 2958 arcanos
426 2894 495 2959 Nili
519 2894 704 2978 deprendite
727 2894 850 2978 fontes,

100 2980 297 3046 Herculeum
320 2984 430 3068 finem,
452 2983 572 3047 Bacchi
595 2979 806 3047 transcurrite
829 2985 947 3044 metas:

101 3068 211 3135 Vestri
235 3071 315 3135 iuris
339 3072 413 3156 erit,
437 3071 593 3154 quidquid
616 3070 842 3154 complectitur
865 3069 943 3134 axis.

101 3157 205 3223 Vobis
229 3160 340 3224 Rubra
363 3160 485 3225 dabunt
508 3160 667 3244 pretiosas
691 3180 831 3242 aequora
854 3158 1005 3243 conchaS,
1065 3175 1116 3225 210

101 3244 201 3312 Indus
225 3249 317 3334 ebur,
341 3272 447 3313 ramos
470 3248 645 3333 Panchaia,
667 3247 787 3312 vellera
811 3246 911 3312 Seres

504 3464 718 3472 ..n—⁹...—
