2438 3832
100 155 248 227 (XXVIII.)
266 154 523 210 PANEGYRIGVS
541 155 589 210 DE
611 155 726 210 SEXTO
746 154 847 211 CONS.
866 154 1030 211 HONORH.
1051 155 1112 219 181

99 318 187 383 Dum
210 319 362 402 praedam
385 318 423 382 de
446 340 535 382 more
558 322 667 403 putat3
690 318 884 402 viduataque
908 318 1008 382 caesis

98 407 299 494 Remigibus,
323 407 432 471 scissis
455 407 601 470 velorum
624 406 739 470 debilis
763 407 832 492 alis,

100 494 188 560 Orba
212 496 430 583 gubernacIiS,
454 495 603 559 antennis
627 495 735 559 saucia
757 495 870 559 fractis

98 584 291 649 Ludibrium
313 584 421 671 pelagi
443 588 540 648 vento
563 584 703 648 iactatur
726 589 758 648 et
781 584 880 669 unda,

98 674 238 738 Vastato
262 674 392 738 tandem
414 695 535 757 poenas
557 673 679 737 luitura
701 672 875 757 profundo:
1066 688 1116 735 140

100 762 189 826 Talis
213 762 253 826 ab
276 763 356 826 urbe
379 763 483 826 minas
507 766 594 826 retro
617 761 768 826 flectebat
791 762 902 825 inanes

99 850 230 915 Italiam
252 851 395 938 fugiens,
418 855 451 914 et
475 873 556 934 quae
579 851 783 915 venientibus
807 854 881 914 ante

100 940 208 1004 Prona
230 940 306 1025 fuit,
329 940 394 1003 iam
418 939 573 1025 diffieiliS,
595 939 660 1003 iam
684 939 763 1004 dura
785 938 932 1008 reversis.

102 1027 219 1093 Clausa
241 1033 336 1112 putat
360 1028 423 1092 sibi
447 1032 561 1092 cuncta
584 1032 698 1113 pavor,
721 1033 872 1111 retroque
895 1026 1027 1091 relictos

102 1116 190 1193 Quos
212 1116 308 1181 modo
332 1118 511 1202 temnebat,
535 1117 660 1181 rediens
683 1117 850 1180 exhorruit
874 1137 992 1180 amnes.
1066 1129 1117 1178 145

168 1205 301 1270 Vndosa
323 1209 394 1269 tum
417 1207 502 1270 forte
525 1206 620 1270 domo
643 1205 818 1289 vitreisque
842 1205 902 1268 sub
926 1202 1029 1268 antris

101 1295 222 1359 Rerum
246 1295 379 1381 ignarus
403 1295 507 1358 adhuc
530 1294 678 1380 ingentes
701 1297 830 1378 pectore
855 1315 947 1357 curas

101 1382 264 1448 Volvebat
287 1387 379 1466 pater
401 1383 580 1448 Eridanus:
604 1383 677 1466 quis
700 1383 786 1447 bella
809 1385 952 1447 maneret

100 1471 242 1536 Exitus?
269 1471 480 1555 imperiumne
503 1471 574 1537 Iovi
597 1472 748 1559 legesque
771 1472 936 1556 placerent

100 1561 146 1626 Et
169 1560 254 1625 vitae
277 1560 424 1624 Romana
448 1561 552 1646 quies,
576 1557 618 1624 an
639 1561 711 1625 iura
733 1583 868 1645 perosus
1067 1575 1118 1624 110

101 1648 154 1713 Ad
175 1649 299 1732 priscos
322 1649 491 1732 pecudum.
504 1649 669 1714 damnaret
693 1650 820 1713 saecula
843 1647 948 1714 ritus?

102 1737 194 1802 Talia
217 1736 293 1801 dum
316 1758 424 1801 secum
447 1741 556 1802 movet
580 1738 708 1823 unxina,
732 1738 861 1802 advolat
884 1759 949 1801 una

100 1826 262 1891 Naiadum
285 1826 428 1890 resoluta
452 1848 590 1911 comam,
614 1827 843 1911 complexaque
866 1829 1006 1910 patrem:

101 1915 171 1978 ‘En
192 1913 359 1978 Alaricus'
383 1915 429 1979 ait
452 1916 537 1979 ‘non
560 1916 687 1998 qualem
709 1937 813 1999 nuper
835 1918 985 1980 ovantem

100 2003 264 2089 Vidimus3
287 2025 462 2089 exangues,
486 2003 627 2089 genitor,
649 2003 807 2069 mirabere
830 2005 950 2069 vultus.
1068 2018 1118 2067 155

100 2091 292 2155 Pereensere
315 2114 447 2155 manum
469 2096 624 2175 tantaque
648 2115 687 2156 ex
710 2096 806 2179 gente
828 2091 954 2157 iuvabit

100 2180 281 2263 Relliquias
304 2202 491 2244 numerasse
514 2181 635 2245 breves.
681 2179 750 2245 Iam
774 2180 882 2245 desine
905 2183 1028 2244 maesta

100 2267 222 2332 Fronte
250 2269 341 2351 queri
364 2268 598 2353 Nymphasque
622 2268 729 2333 choris
756 2269 822 2333 iam
851 2268 946 2333 redde
970 2268 1118 2333 sorores'.

168 2357 317 2443 Dixerat3
339 2357 395 2421 ille
419 2361 515 2441 caput
538 2357 673 2441 placidis
698 2357 835 2423 sublime
858 2357 989 2422 fluentis

101 2445 244 2532 Extulit,
267 2450 300 2510 et
322 2446 402 2510 totis
425 2447 530 2510 lucem
554 2447 740 2534 spargentia
762 2447 842 2531 ripis
1068 2463 1118 2513 160

102 2533 210 2598 Aurea
233 2535 357 2598 roranti
380 2535 561 2599 micuerunt
585 2556 705 2600 cornua
727 2537 828 2601 vulto.

101 2622 179 2687 Non
201 2623 250 2687 illi
273 2623 437 2688 madidum
459 2624 603 2711 vulgaris
626 2624 805 2689 harimdine
829 2623 949 2689 crinem

100 2711 198 2775 Velat
220 2712 337 2797 honos3
360 2713 443 2777 rami
466 2717 562 2797 caput
584 2715 773 2778 umbravere
795 2714 936 2778 virentes

100 2799 274 2864 Heliadum
296 2801 440 2884 totisque
463 2802 569 2865 fluunt
592 2802 710 2866 electra
734 2802 868 2885 capillis.

100 2888 194 2953 Palla
218 2890 302 2975 tegit
325 2890 410 2953 latos
433 2911 570 2974 umeros,
594 2912 753 2973 curruque
776 2895 911 2974 patemo
1067 2906 1117 2956 165

100 2976 250 3042 Intextus
273 2978 444 3042 Phaethon
466 2978 600 3064 glaucos
622 2978 765 3043 incendit
788 2979 935 3046 amictus.

99 3065 261 3150 Fultaque
285 3067 345 3131 sub
369 3066 492 3154 gremio
517 3066 648 3131 caelatis
670 3065 791 3131 nobilis
815 3067 912 3131 astris

99 3153 291 3220 Aetherium
313 3155 431 3239 probat
453 3178 534 3220 urna
557 3154 661 3220 decus.
706 3155 856 3240 Namque
879 3155 987 3221 omnia
1010 3156 1117 3221 luctus

99 3242 303 3330 Argumenta
326 3244 377 3308 sui
400 3245 497 3309 Titan
520 3244 661 3330 signavit
684 3243 836 3329 Olympo:

99 3332 327 3416 Mutatumque
350 3355 458 3397 senem
480 3333 600 3418 plumis
624 3337 656 3398 et
678 3333 792 3398 fronde
816 3355 943 3398 sorores
1066 3351 1116 3400 170

98 3421 145 3486 Et
168 3422 312 3507 fluvium,
334 3423 403 3485 nati
428 3423 483 3505 qui
505 3423 639 3487 vulnera
662 3421 741 3486 lavit
764 3422 885 3509 anheli3

99 3508 173 3578 Stat
196 3510 312 3597 gelidis
334 3509 459 3597 Auriga
480 3511 603 3599 plagis3
625 3511 764 3599 vestigia
785 3511 901 3576 fratris
