2438 3832
200 207 204 214 ,
338 187 341 195 .
368 109 883 224 11111511555511555111155.
918 237 921 242 Δ
1066 151 1132 216 211

117 317 148 383 A
171 341 289 405 magno
314 317 492 385 Stilichone
516 338 608 403 cave,
631 315 687 401 qui
701 338 835 401 semper
856 315 987 399 iniquos

118 407 263 472 Fortuna
285 408 463 472 famulante
486 406 612 490 premit.
649 404 719 470 Scis
741 406 825 492 ipse,
847 427 905 488 per
928 427 1001 469 oras

119 497 277 562 Arcadiae
301 520 398 581 quam
422 496 520 560 densa
542 494 632 582 rogis
656 494 867 560 cumulaverit
890 516 1001 581 ossa,¹

120 586 283 672 Sanguine
307 609 404 670 quam
426 586 519 671 largo
544 583 660 650 Graios
684 582 864 649 calefecerit
887 604 1010 668 amnes3
1083 598 1135 648 515
1175 661 1177 663 ,

89 691 92 696 ·
119 675 358 758 Extinctusque
382 675 482 759 fores,
504 672 539 736 ni
561 677 594 738 te
618 673 831 754 sub-nomine
853 673 963 759 legum

32 822 37 831 .
118 764 265 828 Proditio
289 763 444 850 regnique
467 763 560 845 favor
582 762 717 829 texisset
740 762 823 826 Eoi?
1005 821 1007 824 ,

34 846 36 853 ’
187 851 278 916 ’15115
302 853 520 939 grandaevum
541 852 707 915 flammata
729 852 837 916 fronte
859 850 1046 933 loquentem
1069 896 1072 904 .

26 982 28 986 -
87 987 89 990 ψ
121 940 334 1025 Obliquisque
357 946 452 1005 tuens
476 940 578 1005 555115
600 963 667 1005 555
689 940 824 1024 pertulit
847 940 947 1024 51515,

120 1028 182 1112 Sed
204 1030 293 1112 rupit
316 1029 445 1095 rabidas
469 1051 602 1093 accensa
625 1029 776 1112 superbia
793 1051 906 1094 avoces:
1081 1044 1134 1094 555

185 1118 232 1182 ‘Si
254 1140 322 1182 non
343 1118 468 1206 mentis>
484 1117 578 1200 inops
602 1117 814 1201 fraudataque
838 1116 986 1181 sensibus
1010 1121 1098 1183 55555

116 1207 291 1270 Praeberet
313 1207 453 1290 5551515,
476 1228 653 1289 numquam
675 1206 755 1271 11555
778 1205 953 1290 opprobria
975 1205 1105 1292 linguae
1162 1231 1163 1234 ¹

117 1295 239 1379 Turpia
261 1295 430 1359 Danuvius
454 1316 505 1358 me
528 1293 651 1378 sospite
674 1295 774 1359 ferret
796 1294 929 1359 inultus.
1051 1353 1054 1356 Δ

117 1383 225 1469 Anne,
248 1388 299 1447 tot
321 1381 491 1470 Augustos
513 1381 625 1448 Hebro
650 1384 707 1468 qui
729 1389 812 1449 teste
835 1382 961 1470 fugavi,

75 1498 77 1500 ·
118 1473 163 1537 Τ5
186 1473 293 1557 patiar
316 1472 470 1536 suadente
492 1472 618 1558 fugam,
642 1495 715 1556 cum
739 1473 871 1538 cesserit
896 1471 1000 1536 omnis
1082 1488 1134 1538 555

119 1560 291 1645 Obsequiis
314 1564 432 1625 natura
453 1559 559 1624 meis?
595 1560 768 1627 Subsidere
789 1561 912 1627 nostris

118 1649 185 1713 Sub
208 1650 344 1733 pedibus
367 1653 509 1734 montes,
532 1671 674 1715 arescere
696 1651 836 1716 vidimus
859 1672 978 1715 amnes

117 1736 194 1802 Non
215 1738 262 1801 155
285 1738 317 1802 di
341 1737 447 1802 Getici
469 1737 575 1802 faxint
597 1761 772 1823 manesque
795 1744 982 1824 parentum,
1116 1734 1119 1740 ¹
1209 1799 1212 1806 1

117 1825 163 1890 Vt
185 1848 267 1889 mea.
280 1848 433 1891 converso
457 1827 599 1913 relegam
622 1829 761 1915 vestigia
785 1841 889 1893 cursu.
953 1891 956 1896 .

116 1914 210 1979 Hanc
233 1937 293 2001 ego
316 1915 369 1980 551
391 1915 496 1980 515551
518 1937 618 2001 regno
642 1917 821 1983 5511115155
843 1917 960 1981 tenebo
1083 1932 1134 1982 535
1168 1991 1170 1995 ¹
1200 1940 1202 1945 ·

116 2003 231 2067 Victus
255 2004 398 2068 humum.
434 2003 497 2067 Per
519 2007 570 2068 tot
592 2002 731 2088 populos
754 2007 915 2090 urbesque
938 2005 1077 2092 5555111,
1114 2023 1116 2029 “

115 2092 213 2178 Fregi
235 2091 336 2176 Alpes
360 2092 526 2178 galeisque
548 2092 673 2157 Padum
695 2095 883 2159 victricibus
906 2094 1015 2158 hausi:
1130 2161 1133 2167 ,

117 2181 201 2257 Quid
223 2185 325 2245 restat
344 2181 411 2245 nisi
433 2181 538 2245 Roma
560 2181 663 2245 mihi?
701 2182 787 2248 Gens
810 2184 927 2248 robore
943 2187 1062 2247 555515
1159 2225 1189 2259 „4

117 2269 200 2334 Tum
224 2291 352 2353 quoque
375 2270 536 2354 pollebat,
559 2270 659 2334 551115
683 2293 756 2336 5551
778 2273 892 2336 fideret
915 2272 1022 2337 armis.
1076 2324 1077 2327 ,

116 2357 161 2422 At
183 2381 269 2422 nunc
291 2356 416 2441 Illyrici
438 2361 613 2441 postquam
634 2360 715 2423 mihi
738 2361 858 2439 tradita
880 2361 951 2426 iura
1081 2377 1134 2427 535

116 2446 232 2531 Meque
256 2469 351 2511 suum
373 2447 476 2510 fecere
500 2446 626 2512 ducem:
649 2453 700 2514 tot
723 2452 802 2536 tela,
824 2455 876 2515 tot
899 2472 1005 2536 enses,

116 2536 178 2600 Tot
202 2536 312 2623 galeas
335 2535 439 2600 multo
463 2535 625 2600 Thracum
648 2539 765 2604 sudore
786 2539 898 2624 paravi

115 2623 218 2708 Inque
240 2646 330 2689 meos
353 2646 432 2688 usus
455 2624 597 2712 vectigal
619 2632 743 2703 vertere
766 2629 844 2693 ferri

116 2713 412 2799 Oppidaylegitimo
435 2713 527 2777 iussu
549 2714 697 2781 Romana
721 2719 820 2805 coegi.
875 2791 878 2796 ,

116 2800 170 2865 Sic
192 2823 243 2866 me
266 2803 334 2866 fata
356 2802 481 2888 fovent3
503 2802 580 2889 ipsi,
604 2826 686 2887 quos
710 2807 860 2871 omnibus
884 2805 977 2869 annis
1081 2823 1133 2872 545
1174 2813 1178 2821 ’

116 2889 309 2977 Vastabam,
333 2890 452 2956 servire
476 2890 556 2956 dati:
578 2893 727 2958 nocitura
750 2900 915 2982 gementes
981 2928 984 2933 ·
1115 2915 1117 2920 ’
1161 2971 1165 2978 p

48 3017 58 3040 1-
82 3041 86 3050 ,
115 2977 216 3042 Arma
240 2980 360 3044 dabant
383 2979 586 3062 flammisque
609 2982 664 3046 diu
686 2985 833 3048 mollitus
857 2988 889 3048 et
912 2987 981 3048 arte

116 3066 155 3130 ln
179 3089 237 3130 555
261 3069 376 3133 damna
400 3069 535 3156 chalybs
558 3069 651 3136 fabro
674 3072 807 3160 lugente
830 3073 975 3138 rubebat.

115 3152 295 3221 Hortantes
318 3157 370 3222 his
393 3158 474 3222 adde
496 3157 581 3223 deos.
617 3159 695 3225 Non
718 3162 843 3228 somnia
865 3162 960 3227 nobis

116 3244 186 3309 Nec
210 3246 369 3331 volucres,
393 3246 450 3311 5511
473 3247 559 3311 clara
581 3250 689 3332 palam
711 3274 775 3316 vox
798 3251 884 3316 edita
906 3251 993 3315 luco:
1069 3265 1131 3317 ’545

115 3333 261 3418 »Rumpe
286 3357 409 3421 omnes,
431 3333 581 3422 Alarico,⁴
596 3331 717 3426 moras3
740 3341 802 3406 hoc
825 3339 963 3426 impiger
986 3337 1110 3406 annOc

39 3459 43 3468 ·
115 3421 275 3508 »Alpibus
298 3422 411 3488 Italiac
434 3424 540 3508 ruptis
563 3429 748 3510 penetrabis
772 3430 812 3493 ad
835 3429 976 3494 urbell.«

114 3511 187 3576 Huc
211 3513 274 3578 iter
296 3534 399 3596 usque
423 3512 525 3578 datur.
564 3513 644 3592 ¹Quis
666 3517 733 3583 iam
754 3522 832 3604 post
853 3518 940 3582 talia
957 3519 1077 3597 sagma

778 3621 781 3626 “
884 3620 943 3672 aa*
