2438 3832
96 140 163 204 146
428 137 573 193 CLAVDII
592 133 792 192 CLAVDIANI

96 301 260 368 Iustitiae:
283 301 391 366 videre
413 301 512 387 pium,
534 300 641 365 videre
664 299 800 364 fidelem.

100 391 201 468 Quem
224 391 355 456 veniens
379 390 497 476 timuit,
520 389 645 454 rediens
670 388 849 454 Germanus
872 386 1002 452 amavit.

98 479 153 545 llli
175 480 346 565 terribiles,
370 479 488 563 quibus
512 479 579 542 otia
601 477 737 543 vendere
761 497 887 560 semper
1064 492 1116 562 210

98 569 172 634 Mos
195 573 264 633 erat
287 573 319 633 et
342 567 435 632 foeda
458 568 601 650 requiem
623 566 767 631 mercede
789 565 918 651 pacisci,

98 657 195 723 Natis
219 657 386 722 obsidibus
408 677 519 740 pacem
541 660 609 720 tam
633 655 777 739 supplice
799 654 894 718 vultu

101 745 300 830 captivoque
323 749 449 831 rogant,
473 767 570 829 quam
593 744 719 828 sipost
742 748 834 830 terga
856 742 993 808 revincti

99 835 252 918 Tarpeias
274 834 394 918 pressis
418 834 555 897 subeant
578 833 756 897 cervicibus
779 853 876 897 arces.

101 922 211 1009 Omne,
235 923 322 1006 quod
345 921 506 986 Oceanum
529 922 700 1005 fontesque
722 921 891 986 interiacet
913 919 1030 1008 Histri,
1064 936 1115 987 210

99 1012 205 1078 Unius
227 1012 359 1075 incursu
382 1011 528 1095 tremuit3
552 1011 620 1075 sine
640 1011 738 1075 'caede
762 1010 915 1075 subactus

101 1100 239 1166 Servitia
263 1099 383 1165 Boreas
408 1100 626 1182 exarmatique
650 1099 793 1164 Triones.

167 1189 324 1273 Tempore
346 1192 414 1253 tam
436 1210 536 1272 parvo
559 1193 611 1253 tot
633 1188 756 1272 proelia
780 1187 936 1274 sanguine
958 1186 1051 1253 nullo

99 1278 232 1342 Perficis
256 1281 288 1342 et
311 1279 388 1342 luna
410 1298 513 1360 nuper
534 1281 686 1341 nascente
708 1276 874 1361 profectus

99 1365 186 1430 Ante
208 1366 302 1451 redis,
326 1387 423 1448 quam
446 1370 516 1430 tota
539 1366 611 1452 fuit,
633 1365 846 1449 Rhenumque
868 1364 1028 1430 minacem
1065 1381 1117 1431 220

102 1453 262 1519 Cornibus
285 1454 433 1518 infractis
456 1454 534 1519 adeo
558 1455 724 1519 mitescere
748 1455 847 1541 cogis

99 1542 146 1607 Vt
170 1542 277 1607 Salius
299 1543 365 1606 iam
386 1564 462 1606 rura
485 1544 571 1607 colat
593 1545 758 1628 flexosque
781 1541 982 1629 Sygambrus

98 1629 139 1696 In
161 1631 277 1695 falcem
300 1635 410 1696 curvet
433 1631 568 1719 gladios
591 1633 800 1720 geminasque
822 1631 928 1695 viator

102 1717 182 1783 Cum
205 1719 312 1784 videat
335 1720 431 1805 ripas,
455 1743 536 1803 quae
560 1721 603 1786 sit
626 1721 781 1806 Romana,
804 1720 961 1806 requirat3

99 1807 146 1873 Vt
168 1808 233 1871 iam
257 1812 347 1872 trans
370 1809 504 1872 fluvium
526 1831 594 1873 non
615 1810 804 1896 indignante
829 1807 958 1873 Chauco
1063 1824 1116 1874 225

99 1896 216 1961 Pascat
239 1896 341 1982 Belga
364 1918 471 1983 pecus,
494 1899 697 1982 mediumque
719 1899 866 1984 ingressa
887 1919 946 1981 per
967 1895 1081 1962 Albim

101 1984 224 2049 Gallica
246 1983 445 2050 Francorum
467 1991 594 2052 montes
618 1992 762 2052 armenta
784 1989 963 2073 pererrent3

99 2073 144 2137 Vt
167 2074 281 2157 procul
303 2072 484 2158 Hercyniae
506 2098 564 2159 per
586 2081 679 2141 vasta
702 2076 834 2159 silentia·
854 2075 954 2140 silvae

99 2162 219 2226 Venari
242 2166 315 2227 tuto
338 2163 444 2250 liceat,
466 2166 620 2249 lucosque
642 2169 772 2228 vetusta

98 2250 267 2337 Religione
291 2256 398 2316 truces
422 2257 453 2316 01
476 2254 577 2315 robur
598 2251 741 2315 numinis
764 2250 868 2314 instar
1063 2269 1116 2320 230

98 2339 265 2403 Barbarici
287 2345 418 2402 nostrae
441 2339 559 2403 feriant
581 2340 712 2422 impune
735 2339 899 2422 bipennes.

165 2426 262 2490 Vltro
287 2426 366 2508 quin
388 2426 486 2490 etiam
510 2427 624 2492 devota
646 2431 754 2492 mente
776 2432 909 2492 tuentur

98 2514 289 2596 Victorique
312 2514 429 2578 favent.
468 2515 624 2593 Quotiens
648 2517 769 2581 sociare
793 2521 937 2580 catervas

100 2601 212 2667 Oravit
234 2603 389 2690 iungique
412 2604 477 2668 tuis
499 2604 694 2670 Alamannia
717 2605 832 2693 signis!

98 2690 168 2757 Nec
191 2691 295 2756 doluit
319 2697 503 2777 contempta
526 2698 644 2780 tamen,
668 2699 840 2778 spretoque
863 2695 996 2759 recessit
1062 2712 1115 2762 230

98 2779 232 2844 Auxilio
255 2780 386 2846 laudata
409 2781 496 2847 fides.
532 2783 703 2848 Provincia
724 2785 843 2848 missos

99 2868 252 2953 Expellet
275 2870 370 2934 citius
393 2870 497 2936 fasces
521 2893 618 2956 quam
639 2871 775 2937 Francia
798 2895 899 2959 reges,

100 2956 188 3034 Quos
213 2958 344 3023 dederis.
381 2958 460 3024 Acie
481 2983 541 3025 nec
563 2960 628 3025 iam
650 2962 779 3045 pulsare
802 2962 948 3047 101101100,

99 3045 162 3111 Sed
186 3046 301 3111 vinclis
324 3049 437 3131 punire
460 3049 550 3134 licet3
574 3050 634 3114 sub
658 3050 761 3114 iudice
784 3055 898 3116 100110

97 3135 201 3222 Regia
224 3135 389 3200 Romanus
413 3137 564 3222 disquirit
587 3138 720 3203 erimina
744 3161 863 3204 carcer:
1060 3156 1113 3208 240

97 3223 311 3288 Marcomeres
335 3224 509 3309 Sunnoque
537 3227 642 3313 docet3
671 3250 809 3311 quorum
832 3230 915 3294 alter
937 3227 1115 3295 Etruscum

98 3311 238 3378 Pertulit
261 3313 405 3400 exilium3
430 3336 501 3380 cum
525 3338 559 3380 sc
581 3318 785 3400 promitteret
808 3319 890 3383 alter

96 3400 214 3464 Exulis
237 3402 385 3488 ultorem,
407 3403 507 3469 iacuit
529 3428 681 3470 mucrone
705 3428 848 3471 suorum:

95 3488 163 3553 1100
187 3489 272 3557 avidi
295 3492 421 3557 0010110
443 3514 544 3558 novas
568 3495 705 3578 odioque
728 3495 871 3560 furentes
