2438 3832
101 170 164 236 150
428 170 575 226 CLAVDH
594 169 792 226 CLAVDIANI

99 331 293 398 Sternitur
284 355 421 421 rgnarus
444 332 619 419 Nasamon,
642 355 701 397 nec
724 331 849 417 spicula
873 333 1039 418 88881811

96 420 168 487 188
189 426 320 505 torquet
306 421 512 487 t·Caramas
505 445 610 525 ,repe
611 386 686 487 tunt
710 422 836 486 deserta
859 421 991 508 fugaces
1064 440 1118 490 355

98 509 167 576 Aut
153 511 283 597 1818188,
306 511 441 595 pavidus
464 475 600 595 81118811
586 511 746 575 18188118
770 509 892 575 Mazax

101 599 312 683 Cornipedem
334 599 468 664 Maurus
490 601 687 683 nequiquam
710 600 822 664 hortat
772 603 862 664 tatur
884 599 1051 686 88118188,

98 687 296 752 Praedonem
318 688 425 753 lembo
449 689 625 775 profugum
647 689 816 771 ventisque
839 689 1006 772 repulsum

100 776 249 860 Suscepit
235 778 387 842 ttmerio
412 777 523 841 fatalis
547 776 692 841 Tabraca
713 781 812 860 portu

100 865 294 950 Expertum,
318 866 404 949 quod
426 867 518 930 88118
542 866 608 931 1818
632 867 790 931 81888818
813 869 961 949 88181881
1067 884 1119 933 388

99 953 186 1019 Η881
187 954 274 1040 ibus,
299 955 456 1018 8111188188
479 977 652 1038 passurum
674 955 781 1042 iurgia
803 954 909 1039 plebis

100 1007 356 1126 Fracturuinque
379 1065 451 1108 reos
474 1043 590 1107 humili
614 1043 674 1107 sub
697 1044 802 1108 iudice
825 1043 944 1108 vultus

167 1131 224 1197 Nil
247 1132 371 1196 tribuat
394 1131 474 1197 Port
460 1136 539 1197 tuna
564 1132 634 1197 sibi.
672 1131 722 1197 Sit
708 1137 900 1217 tprospera
923 1153 1050 1216 semper

99 1218 162 1285 Illa
186 1221 328 1307 quidem,
353 1222 497 1286 sednon
518 1222 575 1285 881
600 1222 774 1323 881188188
797 1242 925 1307 pugnae

103 1309 377 1375 Credidimusot
327 1311 406 1375 1818
428 1332 487 1374 888
511 1310 631 1374 constit
617 1310 752 1374 1118188
776 1310 890 1374 8881118
1069 1324 1120 1376 388

101 1397 265 1463 Nutatura
290 1399 400 1484 88881,
424 1399 452 1461 81
476 1399 552 1481 quid
575 1399 752 1463 licuisset
743 1398 864 1481 rniquis

104 1486 284 1572 Casibus,
275 1491 342 1550 11181
328 1450 442 1550 tabdnt
466 1488 547 1551 81188
566 1491 641 1570 8881
664 1490 756 1573 terga
780 1487 932 1572 11118888,

102 1573 268 1640 Venturus
292 1574 356 1639 dux
379 1576 482 1639 maior
506 1580 582 1640 8181.

623 1664 770 1729 Victoria
791 1664 883 1728 88118

105 1752 230 1818 Clarior
253 1757 309 1817 aut
332 1753 499 1818 hominum
522 1754 608 1818 rotis
633 1754 775 1836 optatior
797 1774 951 1836 umquam

105 1842 259 1928 Contigit.
296 1840 350 1906 An
373 1843 545 1926 quisquam
567 1842 730 1928 Tigranen
753 1863 904 1925 armaque
926 1841 1026 1907 Ponti
1068 1860 1120 1908 388

102 1930 165 1996 Vel
187 1930 349 2015 Pyrrhum
367 1929 586 2015 Antiochique
609 1931 721 2017 fugam
744 1931 795 1996 vel
817 1930 924 1995 vincla
942 1929 1121 2018 Iugurthae

105 2019 258 2084 Conferat
282 2024 338 2084 aut
360 2019 480 2084 Persen
504 2019 763 2104 debellatumque
785 2018 996 2103 Philippum?

103 2108 149 2173 Hi
171 2109 372 2196 propagandi
394 2113 526 2173 ruerant
549 2131 608 2192 pro
631 2109 734 2173 limite
702 2109 862 2194 tregni3

104 2198 168 2262 Η18
192 2199 300 2263 stabat
322 2198 469 2263 Romana
493 2199 589 2283 88188.
625 2194 677 2261 Ibi
699 2201 941 2280 temporauo
869 2200 906 2259 tu
907 2200 941 2261 18

104 2287 284 2351 Traxerunt
308 2287 408 2350 dilata
431 2307 552 2370 88188,
575 2284 627 2348 hic
649 2285 814 2349 vinceret
800 2284 890 2349 tarde
1069 2303 1122 2354 318

104 2375 201 2440 Vinci
224 2396 325 2458 paene
348 2374 419 2437 fuit
456 2337 650 2437 Discrimine
672 2373 776 2438 Roma
800 2395 949 2457 supremo

104 2462 195 2527 18181
218 2462 412 2546 supplicium
435 2463 547 2545 populi
571 2462 713 2527 deforme
735 2462 901 2548 pependit,

105 2552 188 2617 Ett
136 2555 245 2616 ttatn
246 2575 301 2615 um
323 2551 461 2635 Libyam
484 2551 592 2616 fructu
614 2552 736 2615 maiore
758 2551 878 2635 recepit

32 2720 35 2726 Ι
106 2640 210 2718 Quam
232 2641 370 2727 peperit,
395 2644 552 2724 quantum
575 2641 756 2727 graviorem
779 2640 897 2703 8811888
920 2639 1065 2705 dolorem

106 2729 210 2806 Quam
222 2730 358 2794 necdum
374 2730 519 2812 quaesita
533 2734 672 2794 movent.
698 2729 776 2807 Quis
789 2728 912 2793 Punica
926 2733 1032 2815 gesta,
1068 2747 1122 2798 380

106 2818 186 2895 Quis
208 2841 280 2904 188,
304 2817 484 2904 Scipiadae,
509 2819 581 2902 quis
605 2819 738 2904 teiam,
761 2817 898 2904 Regule,
921 2823 1047 2905 nosset,

106 2907 186 2984 Quis
209 2908 333 2972 lentum
357 2912 484 2972 caneret
506 2907 658 2993 Fabium,
682 2908 710 2971 81
732 2907 801 2971 1818
824 2911 990 2991 88188818

105 2995 282 3061 1888118181
306 3001 399 3062 atrox
422 2996 544 3061 famula
568 2996 764 3083 Carthagine
786 2995 942 3060 Maurus?

106 3085 196 3151 Haec
219 3087 323 3151 omnis
346 3090 491 3151 veterum
514 3086 677 3150 revocavit
701 3085 816 3150 adorea
838 3085 958 3149 188188.

105 3174 264 3241 Restituit
283 3173 420 3241 Stilicho
441 3178 574 3239 cunctos
593 3175 668 3260 tibi,
691 3175 809 3260 Roma,
831 3174 1023 3258 triumphos.
1070 3189 1123 3241 385

178 3374 230 3424 384
248 3367 358 3440 188188]
377 3371 491 3439 8881881,-
510 3368 613 3423 lauros.

508 3568 722 3579 .....——---
