<?xml version="1.0" encoding="UTF-8"?>
<!DOCTYPE html PUBLIC "-//W3C//DTD XHTML 1.0 Transitional//EN"
    "http://www.w3.org/TR/xhtml1/DTD/xhtml1-transitional.dtd">
<html xmlns="http://www.w3.org/1999/xhtml" xml:lang="en" lang="en">
 <head>
  <title>
</title>
<meta http-equiv="Content-Type" content="text/html;charset=utf-8" />
  <meta name='ocr-system' content='tesseract 3.04.00' />
  <meta name='ocr-capabilities' content='ocr_page ocr_carea ocr_par ocr_line ocrx_word'/>
</head>
<body>
  <div class='ocr_page' id='page_1' title='image "./claudiiclaudian05claugoog_0179.png"; bbox 0 0 2438 3832; ppageno 0'>
   <div class='ocr_carea' id='block_1_1' title="bbox 136 725 1154 974">
    <p class='ocr_par' dir='ltr' id='par_1_1' title="bbox 136 725 1154 974">
     <span class='ocr_line' id='line_1_1' title="bbox 472 725 812 799; baseline 0 -1"><span class='ocrx_word' id='word_1_1' title='bbox 472 725 812 799; x_wconf 74' lang='lat' dir='ltr'>PANEGYRIOVS</span> 
     </span>
     <span class='ocr_line' id='line_1_2' title="bbox 136 866 1154 974; baseline 0.006 -35"><span class='ocrx_word' id='word_1_2' title='bbox 136 869 200 974; x_wconf 82' lang='lat' dir='ltr'><strong>DE</strong></span> <span class='ocrx_word' id='word_1_3' title='bbox 216 867 405 953; x_wconf 80' lang='lat' dir='ltr'><strong>QVARTO</strong></span> <span class='ocrx_word' id='word_1_4' title='bbox 421 866 706 940; x_wconf 80' lang='lat' dir='ltr'><strong>CONSVLATV</strong></span> <span class='ocrx_word' id='word_1_5' title='bbox 721 868 922 942; x_wconf 87' lang='lat' dir='ltr'><strong>HONORII</strong></span> <span class='ocrx_word' id='word_1_6' title='bbox 934 868 1154 947; x_wconf 71' lang='lat' dir='ltr'><strong>Avavsrr</strong></span> 
     </span>
    </p>
   </div>
   <div class='ocr_carea' id='block_1_2' title="bbox 598 1020 694 1091">
    <p class='ocr_par' dir='ltr' id='par_1_2' title="bbox 598 1020 694 1091">
     <span class='ocr_line' id='line_1_3' title="bbox 598 1020 694 1091; baseline -0.021 -16"><span class='ocrx_word' id='word_1_7' title='bbox 598 1020 694 1091; x_wconf 74' lang='grc'><strong>(1111.)</strong></span> 
     </span>
    </p>
   </div>
   <div class='ocr_carea' id='block_1_3' title="bbox 128 1130 1154 3535">
    <p class='ocr_par' dir='ltr' id='par_1_3' title="bbox 133 1130 1154 2636">
     <span class='ocr_line' id='line_1_4' title="bbox 201 1130 915 1216; baseline 0 -22"><span class='ocrx_word' id='word_1_8' title='bbox 201 1130 367 1215; x_wconf 80' lang='lat' dir='ltr'><strong>Auspiciis</strong></span> <span class='ocrx_word' id='word_1_9' title='bbox 390 1131 508 1195; x_wconf 88' lang='lat' dir='ltr'><strong>iterum</strong></span> <span class='ocrx_word' id='word_1_10' title='bbox 532 1153 601 1194; x_wconf 90' lang='lat' dir='ltr'><strong>sese</strong></span> <span class='ocrx_word' id='word_1_11' title='bbox 624 1130 788 1216; x_wconf 81' lang='lat' dir='ltr'><strong>regalibus</strong></span> <span class='ocrx_word' id='word_1_12' title='bbox 812 1153 915 1194; x_wconf 86' lang='lat' dir='ltr'><strong>annus</strong></span> 
     </span>
     <span class='ocr_line' id='line_1_5' title="bbox 134 1219 850 1304; baseline -0.001 -20"><span class='ocrx_word' id='word_1_13' title='bbox 134 1219 244 1284; x_wconf 87' lang='lat' dir='ltr'><strong>Induit</strong></span> <span class='ocrx_word' id='word_1_14' title='bbox 268 1223 299 1284; x_wconf 90' lang='lat' dir='ltr'><strong>et</strong></span> <span class='ocrx_word' id='word_1_15' title='bbox 322 1224 400 1283; x_wconf 90' lang='lat' dir='ltr'><strong>nota</strong></span> <span class='ocrx_word' id='word_1_16' title='bbox 423 1220 544 1283; x_wconf 88' lang='lat' dir='ltr'><strong>fruitur</strong></span> <span class='ocrx_word' id='word_1_17' title='bbox 566 1219 740 1283; x_wconf 88' lang='lat' dir='ltr'><strong>iactantior</strong></span> <span class='ocrx_word' id='word_1_18' title='bbox 763 1219 850 1304; x_wconf 76' lang='lat' dir='ltr'><strong>aula,</strong></span> 
     </span>
     <span class='ocr_line' id='line_1_6' title="bbox 134 1307 889 1391; baseline -0.001 -19"><span class='ocrx_word' id='word_1_19' title='bbox 134 1308 261 1373; x_wconf 85' lang='lat' dir='ltr'><strong>Limina</strong></span> <span class='ocrx_word' id='word_1_20' title='bbox 284 1328 343 1372; x_wconf 89' lang='lat' dir='ltr'><strong>nec</strong></span> <span class='ocrx_word' id='word_1_21' title='bbox 364 1308 453 1391; x_wconf 87' lang='lat' dir='ltr'><strong>passi</strong></span> <span class='ocrx_word' id='word_1_22' title='bbox 477 1308 596 1371; x_wconf 88' lang='lat' dir='ltr'><strong>circum</strong></span> <span class='ocrx_word' id='word_1_23' title='bbox 619 1307 746 1391; x_wconf 88' lang='lat' dir='ltr'><strong>privata</strong></span> <span class='ocrx_word' id='word_1_24' title='bbox 769 1308 889 1372; x_wconf 86' lang='lat' dir='ltr'><strong>morari</strong></span> 
     </span>
     <span class='ocr_line' id='line_1_7' title="bbox 135 1394 917 1481; baseline 0 -20"><span class='ocrx_word' id='word_1_25' title='bbox 135 1396 297 1461; x_wconf 82' lang='lat' dir='ltr'><strong>Exultant</strong></span> <span class='ocrx_word' id='word_1_26' title='bbox 321 1395 452 1460; x_wconf 77' lang='lat' dir='ltr'><strong>reduces</strong></span> <span class='ocrx_word' id='word_1_27' title='bbox 475 1394 626 1481; x_wconf 84' lang='lat' dir='ltr'><strong>Augusto</strong></span> <span class='ocrx_word' id='word_1_28' title='bbox 651 1396 782 1460; x_wconf 91' lang='lat' dir='ltr'><strong>consule</strong></span> <span class='ocrx_word' id='word_1_29' title='bbox 805 1397 917 1461; x_wconf 85' lang='lat' dir='ltr'><strong>fasces.</strong></span> 
     </span>
     <span class='ocr_line' id='line_1_8' title="bbox 137 1485 1151 1571; baseline 0.002 -22"><span class='ocrx_word' id='word_1_30' title='bbox 137 1485 248 1549; x_wconf 83' lang='lat' dir='ltr'><strong>Cernis</strong></span> <span class='ocrx_word' id='word_1_31' title='bbox 271 1488 308 1547; x_wconf 89' lang='lat' dir='ltr'><strong>ut</strong></span> <span class='ocrx_word' id='word_1_32' title='bbox 332 1507 495 1548; x_wconf 89' lang='lat' dir='ltr'><strong>armorum</strong></span> <span class='ocrx_word' id='word_1_33' title='bbox 516 1507 665 1568; x_wconf 78' lang='lat' dir='ltr'>proceres</span> <span class='ocrx_word' id='word_1_34' title='bbox 688 1485 860 1571; x_wconf 84' lang='lat' dir='ltr'>legumque</span> <span class='ocrx_word' id='word_1_35' title='bbox 883 1489 1034 1569; x_wconf 85' lang='lat' dir='ltr'><strong>potentes</strong></span> <span class='ocrx_word' id='word_1_36' title='bbox 1135 1505 1151 1552; x_wconf 81' lang='grc'><strong>1</strong></span> 
     </span>
     <span class='ocr_line' id='line_1_9' title="bbox 134 1573 924 1647; baseline 0 -9"><span class='ocrx_word' id='word_1_37' title='bbox 134 1573 294 1638; x_wconf 83' lang='lat' dir='ltr'><strong>Patricius</strong></span> <span class='ocrx_word' id='word_1_38' title='bbox 319 1577 450 1637; x_wconf 91' lang='lat' dir='ltr'><strong>sumunt</strong></span> <span class='ocrx_word' id='word_1_39' title='bbox 473 1573 606 1637; x_wconf 89' lang='lat' dir='ltr'><strong>habitus</strong></span> <span class='ocrx_word' id='word_1_40' title='bbox 629 1577 661 1638; x_wconf 89' lang='lat' dir='ltr'><strong>et</strong></span> <span class='ocrx_word' id='word_1_41' title='bbox 684 1595 773 1647; x_wconf 89' lang='lat' dir='ltr'><strong>more</strong></span> <span class='ocrx_word' id='word_1_42' title='bbox 798 1573 924 1639; x_wconf 83' lang='lat' dir='ltr'><strong>Gabino</strong></span> 
     </span>
     <span class='ocr_line' id='line_1_10' title="bbox 134 1661 933 1748; baseline 0.003 -22"><span class='ocrx_word' id='word_1_43' title='bbox 134 1662 285 1726; x_wconf 77' lang='lat' dir='ltr'><strong>Discolor</strong></span> <span class='ocrx_word' id='word_1_44' title='bbox 307 1661 426 1725; x_wconf 84' lang='lat' dir='ltr'><strong>incedit</strong></span> <span class='ocrx_word' id='word_1_45' title='bbox 449 1661 535 1748; x_wconf 84' lang='lat' dir='ltr'><strong>legio</strong></span> <span class='ocrx_word' id='word_1_46' title='bbox 558 1661 739 1745; x_wconf 91' lang='lat' dir='ltr'><strong>positisque</strong></span> <span class='ocrx_word' id='word_1_47' title='bbox 761 1684 933 1748; x_wconf 83' lang='lat' dir='ltr'><strong>parumper</strong></span> 
     </span>
     <span class='ocr_line' id='line_1_11' title="bbox 134 1749 911 1836; baseline 0.001 -21"><span class='ocrx_word' id='word_1_48' title='bbox 134 1751 301 1816; x_wconf 90' lang='lat' dir='ltr'><strong>Bellorum</strong></span> <span class='ocrx_word' id='word_1_49' title='bbox 326 1749 427 1836; x_wconf 83' lang='lat' dir='ltr'><strong>signis</strong></span> <span class='ocrx_word' id='word_1_50' title='bbox 452 1750 598 1833; x_wconf 89' lang='lat' dir='ltr'><strong>sequitur</strong></span> <span class='ocrx_word' id='word_1_51' title='bbox 621 1751 739 1815; x_wconf 84' lang='lat' dir='ltr'><strong>vexilla</strong></span> <span class='ocrx_word' id='word_1_52' title='bbox 763 1749 911 1827; x_wconf 77' lang='lat' dir='ltr'><strong>Quirini?</strong></span> 
     </span>
     <span class='ocr_line' id='line_1_12' title="bbox 133 1838 873 1925; baseline -0.001 -21"><span class='ocrx_word' id='word_1_53' title='bbox 133 1838 255 1904; x_wconf 87' lang='lat' dir='ltr'><strong>Lictori</strong></span> <span class='ocrx_word' id='word_1_54' title='bbox 280 1838 396 1902; x_wconf 89' lang='lat' dir='ltr'><strong>cedunt</strong></span> <span class='ocrx_word' id='word_1_55' title='bbox 420 1838 547 1921; x_wconf 91' lang='lat' dir='ltr'><strong>aquilae</strong></span> <span class='ocrx_word' id='word_1_56' title='bbox 570 1838 717 1922; x_wconf 91' lang='lat' dir='ltr'><strong>ridetque</strong></span> <span class='ocrx_word' id='word_1_57' title='bbox 740 1843 873 1925; x_wconf 83' lang='lat' dir='ltr'><strong>togatus</strong></span> 
     </span>
     <span class='ocr_line' id='line_1_13' title="bbox 134 1926 1154 2014; baseline 0.004 -22"><span class='ocrx_word' id='word_1_58' title='bbox 134 1928 230 1993; x_wconf 88' lang='lat' dir='ltr'><strong>Miles</strong></span> <span class='ocrx_word' id='word_1_59' title='bbox 254 1932 286 1991; x_wconf 90' lang='lat' dir='ltr'><strong>et</strong></span> <span class='ocrx_word' id='word_1_60' title='bbox 309 1927 344 1990; x_wconf 91' lang='lat' dir='ltr'><strong>in</strong></span> <span class='ocrx_word' id='word_1_61' title='bbox 366 1926 480 1990; x_wconf 88' lang='lat' dir='ltr'><strong>mediis</strong></span> <span class='ocrx_word' id='word_1_62' title='bbox 504 1927 637 2014; x_wconf 81' lang='lat' dir='ltr'><strong>effulget</strong></span> <span class='ocrx_word' id='word_1_63' title='bbox 661 1928 749 1992; x_wconf 87' lang='lat' dir='ltr'><strong>curia</strong></span> <span class='ocrx_word' id='word_1_64' title='bbox 774 1929 896 1992; x_wconf 89' lang='lat' dir='ltr'><strong>castris.</strong></span> <span class='ocrx_word' id='word_1_65' title='bbox 1122 1948 1154 1997; x_wconf 82' lang='grc' dir='ltr'><strong>ιο</strong></span> 
     </span>
     <span class='ocr_line' id='line_1_14' title="bbox 134 2015 789 2101; baseline -0.002 -20"><span class='ocrx_word' id='word_1_66' title='bbox 134 2016 210 2101; x_wconf 89' lang='lat' dir='ltr'><strong>Ipsa</strong></span> <span class='ocrx_word' id='word_1_67' title='bbox 235 2015 386 2080; x_wconf 89' lang='lat' dir='ltr'><strong>Palatino</strong></span> <span class='ocrx_word' id='word_1_68' title='bbox 410 2015 652 2081; x_wconf 87' lang='lat' dir='ltr'><strong>circumvallata</strong></span> <span class='ocrx_word' id='word_1_69' title='bbox 675 2022 789 2081; x_wconf 88' lang='lat' dir='ltr'><strong>senatu</strong></span> 
     </span>
     <span class='ocr_line' id='line_1_15' title="bbox 133 2104 1029 2190; baseline -0.001 -19"><span class='ocrx_word' id='word_1_70' title='bbox 133 2105 202 2171; x_wconf 89' lang='lat' dir='ltr'><strong>lam</strong></span> <span class='ocrx_word' id='word_1_71' title='bbox 226 2105 372 2169; x_wconf 89' lang='lat' dir='ltr'><strong>trabeam</strong></span> <span class='ocrx_word' id='word_1_72' title='bbox 394 2104 530 2168; x_wconf 90' lang='lat' dir='ltr'><strong>Bellona</strong></span> <span class='ocrx_word' id='word_1_73' title='bbox 554 2105 638 2190; x_wconf 81' lang='lat' dir='ltr'><strong>gerit</strong></span> <span class='ocrx_word' id='word_1_74' title='bbox 660 2124 870 2189; x_wconf 78' lang='lat' dir='ltr'><strong>parmamque</strong></span> <span class='ocrx_word' id='word_1_75' title='bbox 892 2106 1029 2171; x_wconf 86' lang='lat' dir='ltr'><strong>removit</strong></span> 
     </span>
     <span class='ocr_line' id='line_1_16' title="bbox 133 2193 915 2281; baseline -0.003 -21"><span class='ocrx_word' id='word_1_76' title='bbox 133 2197 179 2260; x_wconf 85' lang='lat' dir='ltr'><strong>Et</strong></span> <span class='ocrx_word' id='word_1_77' title='bbox 202 2196 328 2281; x_wconf 83' lang='lat' dir='ltr'><strong>galeam</strong></span> <span class='ocrx_word' id='word_1_78' title='bbox 353 2215 460 2256; x_wconf 89' lang='lat' dir='ltr'><strong>sacras</strong></span> <span class='ocrx_word' id='word_1_79' title='bbox 483 2193 603 2257; x_wconf 87' lang='lat' dir='ltr'><strong>umeris</strong></span> <span class='ocrx_word' id='word_1_80' title='bbox 625 2198 757 2258; x_wconf 85' lang='lat' dir='ltr'><strong>vectura</strong></span> <span class='ocrx_word' id='word_1_81' title='bbox 781 2193 915 2258; x_wconf 81' lang='lat' dir='ltr'><strong>curules.</strong></span> 
     </span>
     <span class='ocr_line' id='line_1_17' title="bbox 133 2281 948 2368; baseline -0.002 -19"><span class='ocrx_word' id='word_1_82' title='bbox 133 2284 203 2349; x_wconf 87' lang='lat' dir='ltr'><strong>Nec</strong></span> <span class='ocrx_word' id='word_1_83' title='bbox 227 2287 259 2346; x_wconf 89' lang='lat' dir='ltr'><strong>te</strong></span> <span class='ocrx_word' id='word_1_84' title='bbox 283 2282 462 2366; x_wconf 84' lang='lat' dir='ltr'><strong>laurigeras</strong></span> <span class='ocrx_word' id='word_1_85' title='bbox 485 2281 618 2366; x_wconf 78' lang='lat' dir='ltr'><strong>pudeat,</strong></span> <span class='ocrx_word' id='word_1_86' title='bbox 642 2281 796 2368; x_wconf 82' lang='lat' dir='ltr'><strong>Gradive,</strong></span> <span class='ocrx_word' id='word_1_87' title='bbox 821 2304 948 2347; x_wconf 88' lang='lat' dir='ltr'><strong>secures</strong></span> 
     </span>
     <span class='ocr_line' id='line_1_18' title="bbox 133 2371 1150 2456; baseline 0.003 -19"><span class='ocrx_word' id='word_1_88' title='bbox 133 2374 253 2437; x_wconf 90' lang='lat' dir='ltr'><strong>Pacata</strong></span> <span class='ocrx_word' id='word_1_89' title='bbox 277 2374 404 2456; x_wconf 83' lang='lat' dir='ltr'><strong>gestare</strong></span> <span class='ocrx_word' id='word_1_90' title='bbox 428 2392 525 2433; x_wconf 91' lang='lat' dir='ltr'><strong>manu</strong></span> <span class='ocrx_word' id='word_1_91' title='bbox 547 2371 706 2454; x_wconf 87' lang='lat' dir='ltr'><strong>Latiaque</strong></span> <span class='ocrx_word' id='word_1_92' title='bbox 728 2371 900 2436; x_wconf 77' lang='lat' dir='ltr'><strong>micantem</strong></span> <span class='ocrx_word' id='word_1_93' title='bbox 1116 2390 1150 2440; x_wconf 81' lang='grc'><strong>11</strong></span> 
     </span>
     <span class='ocr_line' id='line_1_19' title="bbox 133 2460 927 2545; baseline 0 -20"><span class='ocrx_word' id='word_1_94' title='bbox 133 2460 283 2526; x_wconf 86' lang='lat' dir='ltr'><strong>Loricam</strong></span> <span class='ocrx_word' id='word_1_95' title='bbox 307 2460 927 2545; x_wconf 59' lang='grc'><strong>1111111181,(11111111111111111111</strong></span> 
     </span>
     <span class='ocr_line' id='line_1_20' title="bbox 136 2546 964 2636; baseline 0 -22"><span class='ocrx_word' id='word_1_96' title='bbox 136 2549 257 2615; x_wconf 78' lang='lat' dir='ltr'><strong>Currus</strong></span> <span class='ocrx_word' id='word_1_97' title='bbox 281 2552 314 2611; x_wconf 89' lang='lat' dir='ltr'><strong>et</strong></span> <span class='ocrx_word' id='word_1_98' title='bbox 300 2546 471 2611; x_wconf 80' lang='lat' dir='ltr'><strong>tEridani</strong></span> <span class='ocrx_word' id='word_1_99' title='bbox 495 2548 611 2612; x_wconf 91' lang='lat' dir='ltr'><strong>ludunt</strong></span> <span class='ocrx_word' id='word_1_100' title='bbox 634 2571 692 2633; x_wconf 90' lang='lat' dir='ltr'><strong>per</strong></span> <span class='ocrx_word' id='word_1_101' title='bbox 714 2555 808 2633; x_wconf 91' lang='lat' dir='ltr'><strong>prata</strong></span> <span class='ocrx_word' id='word_1_102' title='bbox 831 2549 964 2636; x_wconf 77' lang='lat' dir='ltr'><strong>iugales</strong></span> 
     </span>
    </p>

    <p class='ocr_par' dir='ltr' id='par_1_4' title="bbox 128 2636 1152 3520">
     <span class='ocr_line' id='line_1_21' title="bbox 201 2636 1022 2725; baseline -0.001 -24"><span class='ocrx_word' id='word_1_103' title='bbox 201 2637 298 2701; x_wconf 89' lang='lat' dir='ltr'><strong>Haud</strong></span> <span class='ocrx_word' id='word_1_104' title='bbox 322 2636 454 2721; x_wconf 82' lang='lat' dir='ltr'><strong>indigna</strong></span> <span class='ocrx_word' id='word_1_105' title='bbox 478 2636 542 2700; x_wconf 91' lang='lat' dir='ltr'><strong>coli</strong></span> <span class='ocrx_word' id='word_1_106' title='bbox 564 2659 623 2701; x_wconf 92' lang='lat' dir='ltr'><strong>nec</strong></span> <span class='ocrx_word' id='word_1_107' title='bbox 645 2661 748 2722; x_wconf 89' lang='lat' dir='ltr'><strong>nuper</strong></span> <span class='ocrx_word' id='word_1_108' title='bbox 772 2639 902 2725; x_wconf 83' lang='lat' dir='ltr'><strong>cognita</strong></span> <span class='ocrx_word' id='word_1_109' title='bbox 868 2638 1022 2702; x_wconf 86' lang='lat' dir='ltr'><strong>tMarti</strong></span> 
     </span>
     <span class='ocr_line' id='line_1_22' title="bbox 134 2724 935 2812; baseline -0.001 -20"><span class='ocrx_word' id='word_1_110' title='bbox 134 2728 233 2812; x_wconf 87' lang='lat' dir='ltr'><strong>leia</strong></span> <span class='ocrx_word' id='word_1_111' title='bbox 257 2724 427 2810; x_wconf 84' lang='lat' dir='ltr'><strong>progenies</strong></span> <span class='ocrx_word' id='word_1_112' title='bbox 451 2730 588 2808; x_wconf 85' lang='lat' dir='ltr'><strong>atquae</strong></span> <span class='ocrx_word' id='word_1_113' title='bbox 613 2727 792 2791; x_wconf 90' lang='lat' dir='ltr'><strong>diademata</strong></span> <span class='ocrx_word' id='word_1_114' title='bbox 815 2727 935 2792; x_wconf 93' lang='lat' dir='ltr'><strong>mundo</strong></span> 
     </span>
     <span class='ocr_line' id='line_1_23' title="bbox 133 2813 1152 2900; baseline 0.003 -20"><span class='ocrx_word' id='word_1_115' title='bbox 133 2816 260 2900; x_wconf 85' lang='lat' dir='ltr'><strong>Sparsit</strong></span> <span class='ocrx_word' id='word_1_116' title='bbox 246 2814 406 2878; x_wconf 90' lang='lat' dir='ltr'><strong>tHibera</strong></span> <span class='ocrx_word' id='word_1_117' title='bbox 430 2813 552 2880; x_wconf 90' lang='lat' dir='ltr'><strong>domus</strong></span> <span class='ocrx_word' id='word_1_118' title='bbox 598 2814 704 2882; x_wconf 88' lang='lat' dir='ltr'><strong>Nect</strong></span> <span class='ocrx_word' id='word_1_119' title='bbox 690 2820 762 2881; x_wconf 89' lang='lat' dir='ltr'><strong>ttan</strong></span> <span class='ocrx_word' id='word_1_120' title='bbox 763 2838 816 2880; x_wconf 87' lang='lat' dir='ltr'><strong>am</strong></span> <span class='ocrx_word' id='word_1_121' title='bbox 838 2815 935 2880; x_wconf 86' lang='lat' dir='ltr'><strong>vilior</strong></span> <span class='ocrx_word' id='word_1_122' title='bbox 958 2816 1043 2879; x_wconf 90' lang='lat' dir='ltr'><strong>unda</strong></span> <span class='ocrx_word' id='word_1_123' title='bbox 1116 2833 1152 2885; x_wconf 75' lang='lat'><strong>20</strong></span> 
     </span>
     <span class='ocr_line' id='line_1_24' title="bbox 132 2902 894 2988; baseline -0.004 -18"><span class='ocrx_word' id='word_1_124' title='bbox 132 2902 319 2970; x_wconf 88' lang='lat' dir='ltr'><strong>Promeruit</strong></span> <span class='ocrx_word' id='word_1_125' title='bbox 342 2903 450 2988; x_wconf 86' lang='lat' dir='ltr'><strong>gentis</strong></span> <span class='ocrx_word' id='word_1_126' title='bbox 474 2903 604 2968; x_wconf 90' lang='lat' dir='ltr'><strong>seriem:</strong></span> <span class='ocrx_word' id='word_1_127' title='bbox 629 2905 789 2969; x_wconf 90' lang='lat' dir='ltr'><strong>cunabula</strong></span> <span class='ocrx_word' id='word_1_128' title='bbox 811 2905 894 2968; x_wconf 85' lang='lat' dir='ltr'><strong>fovit</strong></span> 
     </span>
     <span class='ocr_line' id='line_1_25' title="bbox 133 2990 939 3094; baseline -0.005 -35"><span class='ocrx_word' id='word_1_129' title='bbox 133 2994 332 3076; x_wconf 79' lang='lat' dir='ltr'><strong>Oceanus3t</strong></span> <span class='ocrx_word' id='word_1_130' title='bbox 335 3013 423 3054; x_wconf 89' lang='lat' dir='ltr'><strong>errae</strong></span> <span class='ocrx_word' id='word_1_131' title='bbox 447 2990 593 3056; x_wconf 89' lang='lat' dir='ltr'><strong>dominos</strong></span> <span class='ocrx_word' id='word_1_132' title='bbox 616 2993 787 3094; x_wconf 80' lang='lat' dir='ltr'><strong>pelagique</strong></span> <span class='ocrx_word' id='word_1_133' title='bbox 811 2994 939 3056; x_wconf 87' lang='lat' dir='ltr'><strong>futuros</strong></span> 
     </span>
     <span class='ocr_line' id='line_1_26' title="bbox 134 3079 898 3165; baseline -0.005 -17"><span class='ocrx_word' id='word_1_134' title='bbox 134 3082 286 3148; x_wconf 76' lang='lat' dir='ltr'><strong>inmenso</strong></span> <span class='ocrx_word' id='word_1_135' title='bbox 313 3079 419 3143; x_wconf 89' lang='lat' dir='ltr'><strong>decuit</strong></span> <span class='ocrx_word' id='word_1_136' title='bbox 406 3084 549 3144; x_wconf 89' lang='lat' dir='ltr'><strong>trerum</strong></span> <span class='ocrx_word' id='word_1_137' title='bbox 573 3080 611 3144; x_wconf 93' lang='lat' dir='ltr'><strong>de</strong></span> <span class='ocrx_word' id='word_1_138' title='bbox 633 3082 778 3165; x_wconf 89' lang='lat' dir='ltr'><strong>principe</strong></span> <span class='ocrx_word' id='word_1_139' title='bbox 800 3081 898 3146; x_wconf 89' lang='lat' dir='ltr'><strong>nasci.</strong></span> 
     </span>
     <span class='ocr_line' id='line_1_27' title="bbox 133 3168 1009 3254; baseline -0.005 -18"><span class='ocrx_word' id='word_1_140' title='bbox 133 3173 220 3236; x_wconf 90' lang='lat' dir='ltr'><strong>Hinc</strong></span> <span class='ocrx_word' id='word_1_141' title='bbox 242 3168 405 3254; x_wconf 87' lang='lat' dir='ltr'><strong>processit</strong></span> <span class='ocrx_word' id='word_1_142' title='bbox 428 3190 520 3254; x_wconf 83' lang='grc'><strong>11111,</strong></span> <span class='ocrx_word' id='word_1_143' title='bbox 544 3170 594 3232; x_wconf 88' lang='lat' dir='ltr'><strong>cui</strong></span> <span class='ocrx_word' id='word_1_144' title='bbox 617 3176 693 3253; x_wconf 89' lang='lat' dir='ltr'><strong>post</strong></span> <span class='ocrx_word' id='word_1_145' title='bbox 715 3170 796 3234; x_wconf 86' lang='lat' dir='ltr'><strong>Arct</strong></span> <span class='ocrx_word' id='word_1_146' title='bbox 782 3175 837 3235; x_wconf 91' lang='lat' dir='ltr'><strong>toa</strong></span> <span class='ocrx_word' id='word_1_147' title='bbox 861 3169 1009 3234; x_wconf 88' lang='lat' dir='ltr'><strong>frementi</strong></span> 
     </span>
     <span class='ocr_line' id='line_1_28' title="bbox 134 3221 1151 3343; baseline -0.002 -17"><span class='ocrx_word' id='word_1_148' title='bbox 134 3260 278 3326; x_wconf 83' lang='lat' dir='ltr'><strong>Classica</strong></span> <span class='ocrx_word' id='word_1_149' title='bbox 301 3256 461 3339; x_wconf 86' lang='lat' dir='ltr'><strong>Massylas</strong></span> <span class='ocrx_word' id='word_1_150' title='bbox 485 3221 637 3323; x_wconf 87' lang='lat' dir='ltr'><strong>adnexuit</strong></span> <span class='ocrx_word' id='word_1_151' title='bbox 660 3258 772 3323; x_wconf 85' lang='lat' dir='ltr'><strong>Africa</strong></span> <span class='ocrx_word' id='word_1_152' title='bbox 795 3260 919 3343; x_wconf 81' lang='lat' dir='ltr'><strong>laurus,</strong></span> <span class='ocrx_word' id='word_1_153' title='bbox 1116 3277 1151 3324; x_wconf 79' lang='lat'><strong>25</strong></span> 
     </span>
     <span class='ocr_line' id='line_1_29' title="bbox 131 3345 916 3436; baseline -0.006 -20"><span class='ocrx_word' id='word_1_154' title='bbox 131 3350 206 3436; x_wconf 81' lang='lat' dir='ltr'><strong>Ille,</strong></span> <span class='ocrx_word' id='word_1_155' title='bbox 231 3345 414 3412; x_wconf 81' lang='lat' dir='ltr'><strong>Caledoniis</strong></span> <span class='ocrx_word' id='word_1_156' title='bbox 436 3345 546 3428; x_wconf 90' lang='lat' dir='ltr'><strong>posuit</strong></span> <span class='ocrx_word' id='word_1_157' title='bbox 571 3348 625 3430; x_wconf 89' lang='lat' dir='ltr'><strong>qui</strong></span> <span class='ocrx_word' id='word_1_158' title='bbox 650 3352 755 3411; x_wconf 89' lang='lat' dir='ltr'><strong>castra</strong></span> <span class='ocrx_word' id='word_1_159' title='bbox 778 3348 916 3433; x_wconf 86' lang='lat' dir='ltr'><strong>pruinis,</strong></span> 
     </span>
     <span class='ocr_line' id='line_1_30' title="bbox 128 3433 1006 3535; baseline -0.002 -33"><span class='ocrx_word' id='word_1_160' title='bbox 128 3439 191 3514; x_wconf 79' lang='lat' dir='ltr'><strong>Oui</strong></span> <span class='ocrx_word' id='word_1_161' title='bbox 212 3437 339 3501; x_wconf 88' lang='lat' dir='ltr'><strong>medios</strong></span> <span class='ocrx_word' id='word_1_162' title='bbox 361 3433 484 3518; x_wconf 84' lang='lat' dir='ltr'><strong>Libyae</strong></span> <span class='ocrx_word' id='word_1_163' title='bbox 508 3434 568 3498; x_wconf 89' lang='lat' dir='ltr'><strong>sub</strong></span> <span class='ocrx_word' id='word_1_164' title='bbox 593 3437 716 3502; x_wconf 87' lang='lat' dir='ltr'><strong>casside</strong></span> <span class='ocrx_word' id='word_1_165' title='bbox 739 3437 874 3520; x_wconf 88' lang='lat' dir='ltr'><strong>pertulit</strong></span> <span class='ocrx_word' id='word_1_166' title='bbox 898 3440 1006 3535; x_wconf 82' lang='lat' dir='ltr'><strong>aestus</strong></span> 
     </span>
    </p>
   </div>
   <div class='ocr_carea' id='block_1_4' title="bbox 0 0 1224 3832">
    <p class='ocr_par' dir='ltr' id='par_1_5' title="bbox 0 0 1224 3832">
     <span class='ocr_line' id='line_1_31' title="bbox 0 0 1224 3832; baseline 0 1"><span class='ocrx_word' id='word_1_167' title='bbox 0 0 1224 3832; x_wconf 95' lang='lat' dir='ltr'><strong> </strong></span> 
     </span>
    </p>
   </div>
  </div>
 </body>
</html>
