2438 3832
103 150 254 220 (XXVIII.)
273 149 531 206 PANECYRICVS
550 149 598 203 DE
619 148 735 205 SEXTO
752 149 852 205 CONS.
866 150 1029 207 HONORII.
1052 152 1114 216 187

102 313 295 379 Communes
317 333 384 376 non
406 333 501 395 passa
524 333 634 396 preces
657 312 877 396 penetralibus
901 313 977 377 altis

100 401 260 467 Prosiluit
282 401 455 484 vultusque
478 401 586 484 palam
610 402 757 466 confessa
780 423 930 466 coruscos

98 491 234 574 Impulit
256 491 326 574 ipsa
350 490 416 552 suis
441 495 644 554 cunctantem
666 490 770 554 Roma
794 491 958 574 querellis:
1063 508 1116 557 300

167 578 396 642 ‘Dissimulate
420 578 475 641 diu
497 579 607 643 tristes
631 579 666 642 in
689 601 797 643 amore
819 579 965 663 repulsas

99 669 218 734 Vestra
236 690 362 753 parens,
380 666 538 753 Auguste,
557 690 682 751 queror.
711 667 857 744 Quonam
875 690 978 751 usque
991 668 1116 734 tenebit

99 757 268 822 Praelatus
291 779 362 820 mea
385 761 461 820 vota
483 756 608 843 Ligus?
644 757 845 840 vetitumque
867 758 1049 841 propinqua

98 846 185 911 Luce
208 846 281 931 frui,
305 845 419 929 spatiis
443 845 625 910 discernens
648 846 766 932 gaudia
788 847 906 931 parvis,

99 934 277 1018 Torquebit
300 934 450 998 Rubicon
472 934 578 999 vicino
601 936 733 999 numine
756 934 938 1018 Thybrim?
1063 953 1115 1001 365

97 1023 215 1088 Nonne
239 1024 337 1087 semel
361 1023 519 1106 sprevisse
543 1023 637 1108 satis,
662 1046 734 1088 cum
757 1023 882 1087 reddita
905 1023 1000 1088 bellis

99 1111 211 1176 Africa
233 1112 361 1176 venturi
384 1111 463 1176 lusit
488 1133 543 1194 spe
566 1111 722 1195 principis
745 1111 858 1176 urbem

99 1200 133 1266 N
135 1223 169 1264 ec
193 1201 288 1269 duras
312 1200 414 1264 tantis
437 1200 588 1284 precibus
611 1200 829 1284 permovimus
853 1200 968 1264 aures?

98 1288 162 1354 Ast
185 1311 245 1376 ego
269 1289 435 1353 frenabam
458 1289 619 1375 geminos,
642 1289 761 1372 quibus
785 1288 884 1353 altior
905 1289 978 1376 ires,

99 1378 207 1442 Electi
230 1378 378 1442 candoris
402 1399 502 1461 equos
526 1381 559 1442 et
581 1377 724 1442 nominis
747 1399 857 1442 arcum
1062 1396 1115 1445 310

99 1466 168 1531 Iam
191 1467 305 1530 molita
328 1467 386 1551 tui,
409 1488 466 1550 per
491 1488 585 1550 quem
608 1467 754 1531 radiante
777 1466 911 1532 decorus

98 1555 304 1642 Ingrederere
327 1559 418 1641 toga,
441 1577 569 1641 pugnae
591 1559 799 1620 monumenta
823 1556 969 1620 dicabam

97 1645 273 1709 Defensam
295 1643 393 1707 titulo
416 1643 554 1727 Libyam
576 1648 696 1708 testata
718 1645 859 1728 perenni.

97 1732 231 1816 Iamque
253 1732 451 1816 parabantur
473 1755 610 1816 pompae
634 1733 805 1797 simulacra
828 1734 956 1798 futurae

16 1824 18 1831 '
98 1822 235 1906 Tarpeio
260 1820 433 1904 spectanda
455 1819 538 1885 Iovi:
558 1821 680 1885 caelata
703 1822 835 1885 metallo
1063 1839 1115 1889 375

99 1910 220 1975 Classis
244 1914 280 1973 ut
304 1912 453 1973 auratum
477 1909 616 1973 sulcaret
638 1910 760 1996 remige
782 1911 926 1996 fluctum,

97 1999 144 2063 Vt
167 1998 311 2081 Massyla
334 2002 408 2061 tuos
432 1998 592 2062 anteirent
616 1998 734 2082 oppida
757 2020 870 2062 currus

97 2087 307 2170 Palladiaque
331 2108 438 2150 comas
462 2086 598 2151 innexus
621 2086 800 2151 harundine
823 2088 939 2152 Triton

97 2176 259 2240 Edomitis
282 2175 452 2239 veheretur
475 2175 567 2259 aquis
591 2179 623 2239 et
647 2175 682 2239 in
705 2197 777 2239 aere
799 2179 990 2240 trementem

98 2265 286 2330 succinctae
309 2264 467 2327 famulum
490 2264 611 2328 ferrent
634 2262 770 2327 Atlanta
793 2264 950 2329 cohortes.
1061 2282 1115 2333 380

98 2352 173 2437 Ipse
195 2352 422 2439 Iugurthinam
446 2352 614 2416 subiturus
638 2373 763 2418 carcere
785 2374 923 2437 poenam

97 2442 270 2507 Praeberet
294 2442 361 2506 fera
385 2440 469 2504 colla
491 2441 583 2528 iugc,
606 2441 639 2505 vi
663 2445 776 2525 captus
800 2445 832 2507 et
856 2441 964 2527 armis,

96 2530 174 2597 Non
196 2530 318 2594 Bocchi
342 2528 513 2614 Syllaeque
536 2529 629 2595 dolis.

685 2618 767 2683 ‘Sed
788 2620 892 2703 prima
915 2620 1056 2686 remitto.

97 2705 187 2772 Num
209 2728 360 2791 praesens
384 2707 482 2771 etiam
506 2706 611 2772 Getici
633 2729 684 2771 me
707 2708 816 2772 laurea
839 2708 918 2772 belli

98 2795 269 2860 Declinare
291 2796 422 2880 potest?
447 2796 576 2860 sedesve
599 2796 748 2880 capacior
769 2797 837 2860 ulla
1061 2812 1113 2864 38⁶

99 2883 222 2949 Tantae
244 2884 349 2949 laudis
373 2885 457 2948 erit?
502 2884 571 2948 Tua
593 2889 627 2949 te
649 2885 818 2948 benefacta
840 2890 1020 2949 morantem

99 2971 315 3058 Conveniunt,
338 2972 527 3056 meritisque
551 2973 619 3037 suis
642 2972 783 3037 obnoxia
804 2973 908 3038 virtus

99 3061 192 3138 Quod
215 3062 354 3127 servavit
378 3065 472 3126 amat.
518 3060 587 3125 Iam
609 3061 815 3126 flavescentia
838 3066 967 3126 centum

98 3150 261 3215 Messibus
286 3151 426 3216 aestivae
449 3150 623 3215 detondent
647 3150 791 3236 Gargara
814 3151 922 3236 falces,

98 3238 332 3324 Spectatosque
354 3240 472 3305 iterum
494 3239 577 3304 nulli
601 3239 795 3304 celebrantia
818 3239 912 3304 ludos
1061 3257 1113 3307 300

98 3327 310 3393 Circumflexa
333 3330 418 3414 rapit
441 3333 594 3394 centenus
618 3329 745 3394 saecula
769 3329 894 3394 consul:

169 3529 220 3577 360
239 3521 366 3593 numine]
389 3523 540 3592 Cerberum
558 3520 679 3578 nomine.
720 3548 727 3559 ·
