2438 3832
115 142 158 205 32
442 139 588 196 CLAVDII
607 140 804 196 CLAVDIANI

114 303 323 389 Promittant,
348 325 429 386 quae
452 302 588 387 quisque
611 307 711 389 petat,
734 325 814 387 quas
838 303 968 367 devoret
991 304 1099 370 urbes.

183 391 339 477 Coeperat
361 392 520 456 humanos
544 393 611 458 alto
635 392 742 477 sopire
764 392 892 456 labores

112 479 188 545 Nox
211 481 344 567 gremio,
365 480 540 567 nigrasque
564 503 661 564 sopor
685 480 854 544 diffuderat
877 480 954 546 alas.
1075 500 1130 549 325

112 567 172 632 Ille
196 569 250 632 diu
273 569 358 634 curis
382 569 524 634 animum
548 569 792 635 stimulantibus
815 590 909 655 aegre

111 657 248 722 Labitur
270 658 306 723 in
328 680 467 723 somnos,
513 657 597 722 Toto
620 658 674 722 vix
698 657 793 723 corde
816 657 951 744 quierat,

111 746 195 810 Ecce
217 747 304 811 videt
327 748 413 811 diras
436 746 586 811 adludere
608 746 758 831 protinus
780 746 922 833 umbras,

112 833 198 911 Quas
222 835 309 899 dedit
331 836 400 920 ipse
423 835 507 921 neci;
531 856 667 919 quarum
690 857 771 919 quae
795 834 913 899 clarior
934 859 999 899 una

110 923 190 988 Visa
208 924 312 1008 loqui:
335 923 423 988 ‘Pro!
448 946 543 1009 surge
561 928 644 988 toro.
682 922 766 1000 Quid
783 923 924 1008 plurima
941 925 1046 989 volvis
1073 943 1128 992 330

109 1012 257 1076 Anxius?
293 1012 382 1077 Haec
404 1013 547 1096 requiem
570 1012 667 1080 rebus
689 1013 850 1096 finemque
873 1012 978 1077 labori

109 1100 208 1165 Adlat
194 1106 268 1165 tura
291 1100 371 1166 dies:
395 1101 484 1165 omni
505 1101 571 1165 iam
593 1102 687 1186 plebe
710 1101 830 1165 redibis

108 1187 218 1254 Altior
240 1194 273 1254 et
296 1190 373 1254 laeti
395 1189 546 1255 manibus
568 1190 739 1275 portabere
762 1188 874 1275 vulgi'

108 1277 178 1342 Has
200 1280 287 1343 canit
309 1279 470 1379 ambages.
517 1277 652 1344 Occulto
675 1279 761 1343 fallit
747 1282 801 1342 tur
823 1277 879 1342 ille

109 1364 222 1431 Omine
243 1389 303 1431 nec
326 1367 441 1451 capitis
465 1368 563 1432 sentit
585 1367 754 1453 praesagia
776 1366 842 1431 fixi.
1071 1386 1124 1435 336

173 1453 243 1519 lam
266 1478 427 1520 summum
450 1454 548 1520 radiis
572 1455 754 1543 stringebat
775 1455 905 1520 Lucifer
927 1455 1089 1521 Haemum

106 1543 193 1607 Fest
169 1547 334 1628 tmamque
357 1548 463 1609 rotam
487 1545 584 1609 solito
607 1543 833 1630 properantior
854 1549 950 1631 urget

107 1632 248 1696 Tandem
270 1633 382 1697 Rufini
404 1633 533 1697 visurus
555 1634 669 1698 fimera
691 1632 801 1698 Titan:

105 1720 247 1786 Desiluit
270 1721 382 1785 stratis
405 1722 584 1805 densaeque
608 1721 737 1807 capacia
759 1721 875 1787 turbae

105 1808 200 1874 Atria
223 1810 355 1896 regifico
378 1810 474 1874 iussit
498 1811 663 1895 splendere
686 1814 802 1896 paratu
1068 1828 1121 1878 340

104 1899 290 1983 Exceptura
313 1898 410 1983 dapes
433 1903 475 1984 et,
498 1899 584 1982 quod
606 1904 682 1984 post
704 1903 780 1964 vota
803 1898 942 1984 daretur,

103 1986 248 2071 Insculpi
270 1987 411 2072 propriis
434 2009 549 2052 aurum
571 1988 670 2052 fatale
694 1987 817 2075 figruis.

103 2075 177 2161 Ipse
201 2076 379 2140 salutatum
401 2076 533 2141 reduces
555 2081 632 2161 post
653 2076 777 2162 proelia
799 2079 923 2140 turmas

102 2163 172 2229 Iam
195 2165 303 2251 regale
325 2169 454 2229 tumens
478 2169 510 2229 et
532 2164 676 2249 principe
700 2164 815 2229 celsior
837 2164 907 2228 ibat

104 2253 259 2337 Collaque
282 2253 421 2319 femineo
445 2254 592 2318 solvebat
614 2253 726 2318 mollia
749 2257 845 2339 gestu
1065 2271 1120 2319 345

101 2340 234 2427 Imperii
256 2345 377 2426 certus,
400 2346 523 2427 tegeret
547 2363 604 2405 ceu
627 2363 770 2426 prupura
793 2340 913 2405 dudum

103 2430 228 2514 Corpus
252 2433 284 2494 et
270 2429 455 2494 tardentes
479 2430 640 2495 ambirent
662 2434 809 2515 tempora
828 2451 984 2531 gemmae.

168 2517 268 2583 Vrbis
292 2518 333 2582 ab
357 2523 497 2605 angusto
520 2523 636 2605 trenta,
661 2541 724 2602 qua
747 2517 884 2604 vergit
875 2541 910 2582 m
931 2516 1017 2583 Aust
1003 2523 1102 2606 trum,

99 2607 219 2672 Planit
195 2611 256 2672 rtes
280 2607 385 2672 vicina
407 2611 510 2691 patet:
532 2630 609 2671 nam
632 2612 682 2672 cet
684 2629 738 2671 era
760 2610 880 2692 pontus

101 2696 224 2762 Circuit
209 2696 364 2798 texiguo
388 2696 494 2760 dirimi
518 2718 552 2760 se
574 2695 678 2761 limite
645 2700 825 2781 tp.assus
1062 2713 1117 2763 310

99 2785 163 2850 Hic
185 2785 261 2849 ult
221 2789 286 2849 1111
309 2785 393 2849 10101
417 2788 533 2849 ornatu
556 2785 662 2849 lucida
684 2784 801 2849 Martis

97 2874 266 2959 Explicuit
290 2896 416 2938 cuneos.
462 2873 555 2937 Pedit
541 2877 589 2937 tes
613 2874 648 2937 in
669 2878 762 2959 parte
785 2871 917 2937 sinistra

101 2963 299 3028 Consistrmt.
344 2962 483 3046 Equites
505 2962 596 3027 illinc
618 2963 785 3047 poscentia
808 2983 936 3025 cursum

99 3051 165 3117 Ora
187 3053 388 3117 reluctantur
409 3051 530 3136 pressis
554 3051 663 3115 sedare
686 3051 821 3136 lupatis3

98 3141 185 3206 Hinc
208 3140 263 3205 alii
287 3162 418 3205 saevum
441 3140 574 3204 cristato
597 3140 716 3205 vertice
738 3143 856 3205 nutant
1062 3157 1114 3205 355

97 3229 143 3294 Et
165 3229 322 3294 tremulos
345 3228 465 3293 umeris
488 3229 629 3315 gaudent
652 3229 779 3293 vibrare
803 3228 936 3313 colores,

98 3318 187 3396 Quos
211 3318 315 3404 operit
338 3319 520 3401 formatque
544 3318 692 3403 chalybs3
716 3317 887 3382 coniuncta
908 3338 967 3400 per
988 3320 1092 3381 artem

96 3407 232 3472 Flexilis
253 3406 395 3471 inductis
417 3406 579 3472 animatur
601 3406 722 3471 lamina
744 3404 913 3491 membris3

92 3495 279 3561 Horribiles
302 3495 387 3560 visu:
411 3495 521 3560 credas
545 3495 717 3561 simulacra
739 3495 861 3560 moveri
