2438 3832
125 158 170 223 24
453 155 603 212 CLAVDII
621 154 819 210 CLAVDIANI

125 319 195 386 Iam
218 319 313 384 rubet
337 319 423 383 altus
446 317 550 402 Halys
572 339 632 381 nec
655 339 689 380 se
713 315 855 381 defendit
878 315 990 399 iniquo

128 406 241 473 Monte
266 407 358 472 Cilix.
405 405 516 491 Syriae
539 409 663 470 tractus
687 409 857 470 vastantur
879 403 1007 469 amoeni

125 496 370 580 Adsuetumque
394 496 500 560 choris
524 498 557 558 et
579 495 666 559 laeta
689 495 783 579 plebe
807 515 960 558 canorum

124 586 267 650 Proterit
290 585 454 649 imbellem
482 583 612 668 sonipes
634 582 765 647 hostilis
789 580 952 646 Orontem.
1108 598 1142 646 ao

123 674 210 738 Hine
232 675 382 758 planctus
405 672 515 758 Asiae3
539 671 660 736 Geticis
682 671 816 755 Europa
839 669 975 735 catervis

123 762 279 826 Ludibrio
302 762 502 847 praedaeque
526 760 621 824 datur
642 759 823 824 frondentis
847 759 1012 844 adusque

122 851 305 915 Dalmatiae
328 851 422 914 fines:
447 849 552 913 omnia
575 870 657 932 quae
680 848 801 913 mobile
822 847 921 912 Ponti

124 938 256 1022 Aequor
279 942 312 1002 et
334 937 489 1002 Adriacas
511 937 610 1001 tellus
632 937 801 1002 interiacet
824 937 927 1001 undas
1056 984 1059 992 .

124 1026 258 1110 Squalet
281 1027 376 1111 inops
398 1025 570 1113 pecudum,
592 1026 692 1103 nullis
715 1026 863 1090 habitata
886 1026 1019 1113 colonis,
1106 1045 1142 1093 40

123 1113 233 1180 Instar
255 1114 437 1181 anhelantis
459 1114 595 1200 Libyae,
618 1136 701 1198 quae
723 1114 846 1179 torrida
870 1136 995 1199 semper

123 1202 255 1269 Solibus
278 1205 420 1268 humano
442 1202 545 1268 nescit
568 1224 791 1268 mansuescere
814 1203 912 1268 cultu.

121 1291 297 1356 Thessalus
322 1292 411 1357 ardet
435 1314 525 1378 ager3
548 1291 662 1356 reticet
684 1296 815 1376 pastore
838 1292 951 1378 fugato

121 1379 249 1466 Peli0n3
272 1381 442 1445 Emathias
464 1381 550 1466 ignis
573 1380 750 1466 populatur
772 1381 897 1445 aristas.

121 1467 208 1533 Nam
230 1469 328 1555 plaga
350 1468 536 1534 Pannoniae
558 1469 803 1552 miserandaque
829 1469 956 1534 moenia
978 1467 1141 1536 Thracum

121 1555 273 1640 Arvaque
295 1556 465 1641 Mysorum
486 1557 551 1622 iam
573 1557 657 1622 nulli
679 1559 786 1622 flebile
809 1557 969 1644 damnum,
1104 1577 1140 1626 46

122 1643 186 1720 Sed
209 1668 321 1710 cursus
346 1645 512 1710 sollemnis
536 1650 605 1710 erat
629 1668 823 1731 campusque
846 1646 949 1711 furori

121 1732 315 1820 Expositus,
339 1756 532 1817 sensumque
555 1734 649 1797 malis
673 1735 854 1799 detraxerat
876 1757 963 1800 usus.

120 1821 215 1886 Eheu
238 1844 335 1905 quam
357 1822 510 1886 brevibus
533 1826 669 1907 pereunt
691 1822 836 1909 ingentia
858 1823 948 1889 fatis!

121 1908 296 1995 Imperium
319 1913 411 1975 tanto
436 1911 619 1994 quaesitum
643 1911 811 1998 sangiune,
833 1915 927 1977 tanto
1102 1930 1138 1978 50

122 1996 304 2084 Servatum,
328 1999 414 2083 quod
437 1999 526 2063 mille
550 1999 666 2063 ducum
689 2021 839 2084 peperere
862 2000 1000 2087 laboreS,

122 2085 215 2163 Quod
237 2088 338 2152 tantis
360 2088 508 2153 Romana
530 2110 645 2153 manus
668 2088 834 2152 contexuit
856 2088 959 2174 annis,

120 2174 272 2240 Proditor
294 2199 379 2240 unus
401 2176 488 2241 iners
511 2180 651 2263 angusto
674 2180 819 2261 tempore
840 2176 947 2242 vertit.

186 2264 274 2328 Vrbs
297 2265 408 2350 etiam,
431 2287 566 2352 magnae
591 2287 672 2348 quae
695 2265 823 2330 ducitur
845 2266 971 2331 aemula
993 2267 1116 2332 Romae

118 2351 165 2415 Et
189 2351 420 2417 Calchedonias
444 2357 556 2418 contra
580 2353 744 2438 despectat
767 2355 912 2440 harenas,
1102 2373 1138 2422 65

118 2437 188 2503 Iam
210 2461 278 2504 non
299 2441 438 2505 finitimo
461 2441 576 2506 Martis
599 2446 723 2506 terrore
745 2447 901 2529 movetur,

120 2526 183 2592 Sed
205 2528 339 2612 propius
362 2529 468 2594 lucere
491 2531 577 2595 faces
601 2535 633 2596 et
656 2553 753 2596 rauca
777 2553 891 2597 sonare

120 2614 248 2680 Cornua
270 2617 469 2702 vibratisque
492 2619 559 2703 peti
582 2619 715 2706 fastigia
736 2621 811 2684 telis

117 2701 275 2789 Adspicit.
320 2706 365 2770 Hi
388 2706 481 2794 vigili
503 2731 614 2773 muros
639 2708 778 2773 statione
801 2708 895 2794 tueri,

117 2791 162 2856 Hi
185 2793 305 2858 iunctis
327 2801 502 2881 properant
524 2801 640 2882 portus
662 2797 788 2862 munire
811 2796 936 2863 carinis.
1102 2817 1137 2865 oc

118 2878 259 2947 Obsessa
281 2887 391 2948 tamen
412 2885 468 2951 ille
491 2887 579 2950 ferus
602 2886 743 2950 laetatur
764 2886 799 2950 in
821 2887 901 2951 urbe

116 2966 317 3055 Exultatque
340 2974 434 3038 malis
459 2997 666 3059 summaeque
689 2997 728 3038 ex
752 2975 890 3040 culmine
913 2975 1013 3040 turris

115 3055 220 3143 Impia
243 3060 340 3125 vicini
364 3063 465 3127 cernit
489 3065 671 3148 spectacula
696 3063 812 3148 campi:

115 3143 251 3213 Vinctas
274 3149 321 3214 ire
343 3173 459 3237 numa,
481 3152 567 3216 hunc
589 3153 624 3216 in
646 3152 728 3217 vada
750 3153 897 3236 proxima
919 3153 1023 3240 mergi

115 3232 327 3323 Seminecem,
350 3239 436 3304 hunc
460 3241 569 3305 subito
592 3263 781 3325 percussum
804 3241 936 3306 vulnere
959 3241 1027 3306 labi
1101 3259 1136 3309 6⁶

115 3321 202 3388 Dum
225 3325 325 3412 fugit,
348 3328 434 3392 hune
458 3329 597 3394 animam
620 3329 725 3415 portis
748 3329 858 3395 efflare
882 3330 943 3395 sub
966 3330 1061 3418 ipsis3

114 3409 185 3478 Nec
209 3435 307 3479 canos
329 3416 482 3499 prodesse
507 3419 575 3482 seni
598 3418 754 3502 puerique
777 3440 890 3483 cruore

110 3498 282 3567 Matemos
305 3505 427 3570 undare
451 3506 549 3571 sinus.
595 3505 746 3571 Inmensa
768 3508 919 3593 voluptas
