2438 3832
211 144 293 215 (XV.)
312 144 360 198 DE
379 144 497 198 BELLO
517 143 713 200 GILDONICO
731 145 840 199 LIBER
858 145 1002 200 PRIMVS.
1072 145 1114 209 47

101 304 147 371 At
171 307 273 370 soceri
296 329 439 371 reverere
462 307 558 392 faces,
581 310 614 370 at
638 308 759 391 respice
783 307 893 372 fratris

103 393 285 460 Conubium
308 397 491 482 pignusque
514 417 603 460 meae
626 396 733 482 regale
758 395 901 461 Serenae.
1064 415 1116 464 310

100 483 266 548 Debueras
290 486 387 549 etiam
410 485 561 549 fraternis
586 484 700 548 obvius
723 485 769 549 ire

101 571 271 657 Hostibus,
294 574 349 637 ille
372 575 447 638 tuis.
485 572 572 649 Quae
596 595 685 660 gens,
709 574 781 657 quis
800 573 933 638 Rhenus
954 579 985 638 et
1004 574 1117 639 Hister

100 661 169 725 Vos
194 662 310 745 opibus
333 662 462 726 iunctos
486 662 770 746 conspirantesque
793 663 944 727 tulisset?

102 748 164 814 Sed
186 754 314 814 tantum
337 751 497 836 permitte,
520 752 620 816 cadat.
665 751 723 816 Nil
745 752 909 835 poscimus
932 752 1026 816 ultra.

102 836 161 902 Ille
185 839 260 903 licet
285 861 353 903 sese
376 840 553 923 praetentis
576 839 727 924 Syrtibus
751 844 853 904 armet
1064 859 1116 907 313

102 926 324 1012 Oppositoque
347 926 480 992 Atlante
503 931 603 1014 tegat,
625 929 701 993 licet
725 951 800 992 arva
823 929 941 993 referta

101 1014 274 1102 Anguibus
298 1021 329 1080 et
354 1018 432 1080 solis
455 1017 578 1081 medios
602 1018 755 1081 obiecerit
781 1022 902 1082 aestus:

100 1104 188 1169 Novi
211 1105 391 1190 consilium,
412 1106 490 1170 novi
513 1105 702 1170 Stilichonis
724 1106 760 1169 in
783 1128 893 1170 omnes

101 1191 279 1277 Aequalem
303 1216 395 1258 casus
419 1195 575 1258 animum:
598 1195 781 1278 penetrabit
804 1194 949 1281 harenas,

102 1280 247 1346 Inveniet
271 1284 390 1346 virtute
413 1283 519 1348 viam'

551 1370 605 1435 Sic
628 1372 721 1436 divus
744 1375 776 1436 et
799 1372 873 1435 inde
1063 1389 1116 1440 320

103 1456 156 1522 Sic
178 1463 287 1524 natus:
311 1458 439 1546 ‘Iussis,
462 1461 600 1547 genitor,
621 1460 788 1545 parebitur
810 1461 907 1524 ultro.

101 1546 290 1631 Ampleotor
312 1553 482 1633 praecepta
505 1549 620 1634 libens,
641 1571 701 1613 nec
723 1549 828 1613 carior
850 1549 932 1614 alter

103 1635 249 1722 Cognato
274 1635 452 1701 Stilichone
475 1637 563 1702 mihi.
611 1637 791 1702 Commissa
812 1638 968 1721 profanus

102 1722 162 1788 Ille
185 1726 268 1811 luat,
292 1726 400 1789 redeat
423 1727 488 1790 iam
510 1727 614 1790 tutior
636 1724 747 1789 Africa
770 1726 885 1790 fratri?

168 1813 259 1877 Talia
283 1814 359 1878 dum
382 1814 481 1901 longo
506 1836 613 1878 secum
637 1837 782 1879 sermone
806 1819 963 1901 retexunt,
1064 1833 1115 1882 325

101 1900 291 1985 Hesperiam
314 1904 459 1987 pervenit
483 1925 561 1968 avus
586 1907 773 1987 castumque
797 1903 902 1968 cubile

102 1989 295 2077 Ingreditur,
318 1991 416 2076 Tyrio
441 2013 504 2075 quo
528 1992 621 2055 fusus
643 1991 810 2056 Honorius
834 1998 923 2057 ostro

102 2078 261 2162 Carpebat
284 2084 412 2144 teneros
434 2080 538 2144 Maria
561 2101 633 2144 cum
657 2081 792 2167 coniuge
816 2102 956 2148 somnos.

101 2166 242 2231 Adsistit
266 2169 377 2253 capiti,
400 2173 478 2233 tunc
501 2170 547 2232 sic
569 2190 627 2252 per
650 2169 775 2232 somnia
798 2168 898 2234 fatur:

168 2256 328 2320 ‘Tantane
352 2257 494 2321 devictos
517 2257 622 2321 tenuit
645 2257 762 2321 fiducia
784 2256 926 2343 Mauros
1064 2277 1116 2325 333

104 2344 182 2409 Care
205 2346 328 2429 nepos?
365 2344 487 2410 Iterum
510 2349 586 2429 post
608 2368 659 2409 me
683 2346 830 2410 coniurat
852 2347 888 2410 in
910 2369 998 2411 arma

100 2433 276 2520 Progenies
299 2456 416 2498 vesana
439 2432 538 2498 Iubae
561 2434 746 2518 bellumque
769 2437 903 2500 resumit

100 2522 244 2587 Victoris
268 2545 340 2586 cum
364 2524 464 2606 stirpe
488 2523 560 2587 sui?
595 2521 781 2588 Firmumne
804 2524 960 2590 iacentem

102 2609 204 2675 Obh'ti
227 2611 365 2694 Libyam
387 2616 500 2676 nostro
525 2611 640 2675 sudore
663 2617 824 2696 receptam

101 2699 226 2763 Rursus
250 2700 393 2764 habent?
430 2722 528 2764 ausus
550 2699 646 2764 Latio
670 2701 860 2765 contendere
884 2701 979 2766 Gildo
1063 2722 1115 2770 333

102 2787 253 2852 Germani
275 2811 334 2853 1133
356 2790 424 2853 fata
446 2788 562 2853 timet?
597 2786 694 2852 Nunc
716 2789 762 2853 ire
784 2790 940 2877 profecto,

101 2877 196 2941 Nunc
219 2878 334 2941 vellem
356 2881 516 2961 notosque
541 2899 637 2941 senex
660 2877 827 2942 ostendere
850 2880 974 2944 vultus:

99 2966 216 3031 Nonne
239 2988 343 3031 meam
366 2966 469 3053 fugiet
492 2965 625 3030 Maurus
649 2988 722 3030 eum
744 2966 861 3032 viderit
883 2969 1052 3034 umbram?

102 3054 185 3131 Quid
208 3055 360 3120 dubitas?
397 3077 516 3141 exurge
539 3055 631 3140 33113,
653 3054 768 3119 invade
791 3057 952 3143 rebellem,

101 3143 273 3228 Captivum
295 3145 376 3208 mihi
398 3144 493 3208 redde
516 3165 631 3208 meum.
676 3143 805 3208 Desiste
828 3146 955 3211 morari.
1062 3163 1114 3212 343

100 3231 172 3296 Η33
195 3234 304 3320 generi
327 3234 425 3297 fatale
449 3238 520 3298 tuo:
544 3232 620 3295 dum
643 3233 776 3318 sanguis
798 3234 834 3298 in
856 3233 934 3299 orbe

99 3321 221 3386 Noster
244 3323 314 3407 erit,
338 3344 463 3406 semper
484 3320 621 3406 pallebit
644 3321 732 3406 regia
755 3321 884 3387 Bocchi.

99 3408 280 3497 Iungantur
304 3411 417 3494 spoliis
439 3410 540 3474 Firmi
565 3408 712 3473 Gildonis
736 3411 856 3497 opima,

98 3498 244 3564 Exomet
267 3501 413 3586 geminos
436 3498 602 3564 Maurusia
623 3498 733 3562 laurea
757 3521 890 3587 currus,
