2438 3832
135 167 179 232 64
465 167 611 223 CLAVDII
630 167 830 224 CLAVDIANI

135 329 260 396 Celsius
284 330 463 417 adsurgunt
486 335 608 395 erectae
632 352 760 396 cornuav
775 331 885 417 matri,

133 419 188 486 Sic
210 420 275 484 iam
298 420 477 485 terribilem
500 420 638 484 stabulis
661 419 890 506 dominumque
913 422 1055 487 ferarum

134 508 283 574 Crescere
306 510 443 573 miratur
465 509 612 594 genetrix
634 507 786 593 Massyla¹
801 509 935 575 leonem.

133 596 279 664 Dimovit
300 596 453 662 nebulam
475 598 646 682 iuvenique
669 598 818 682 adparuit
840 599 964 686 ingens.
1099 617 1152 669 390

105 723 108 730 ·
133 685 217 752 Tum
240 687 287 751 sic
310 707 383 751 orsa
405 686 509 771 loqui:

561 774 747 852 ‘Quantum
760 778 793 840 te
815 776 960 861 principe
982 776 1119 864 possim,

133 863 210 929 Non
232 864 411 950 longinqua
434 862 564 948 docent,
587 863 710 928 domito
733 864 820 948 quod
843 863 969 930 Saxone
992 864 1115 952 Tethys

133 951 246 1017 Mitior
269 957 326 1018 aut
348 953 452 1016 fracto
476 973 587 1017 secura
609 951 779 1017 Britannia
800 952 908 1037 Pict03

134 1039 220 1106 Ante
243 1041 339 1126 pedes
363 1041 479 1105 humili
501 1040 626 1105 Franco
649 1042 801 1125 tristique
824 1041 932 1107 Suebo

132 1130 287 1194 Perfruor
310 1135 342 1195 et
364 1134 513 1194 nostrum
535 1130 641 1215 vidae,
665 1128 866 1214 Germanice,
888 1131 1046 1197 Rhenum.
1097 1149 1150 1199 395

134 1217 197 1284 Sed
220 1219 298 1303 quid
320 1219 437 1307 agam?
468 1219 601 1283 Discors
625 1217 739 1283 Oriens
762 1219 911 1284 felicibus
934 1220 1016 1286 actis

133 1306 260 1372 Invidet
283 1312 380 1391 atque
403 1307 469 1371 alio
490 1306 615 1371 Phoebi
638 1307 676 1370 dc
700 1307 827 1372 cardine
851 1314 989 1395 surgunt

134 1396 289 1482 Crimina,
311 1418 352 1460 ne
375 1399 447 1460 toto
471 1395 633 1479 conspiret
657 1416 790 1479 corpore
813 1417 956 1482 regnum.

14 1482 18 1487 ⁴
134 1483 282 1549 Gildonis
304 1489 395 1549 taceo
419 1504 536 1571 magna
560 1506 633 1548 cum
655 1484 749 1549 laude
774 1489 936 1569 receptam

132 1573 306 1638 Perfidiam
329 1577 361 1638 et
384 1573 487 1637 fretos
508 1572 581 1638 Eoo
604 1573 720 1637 robore
741 1572 881 1638 Mauros.
1097 1591 1149 1642 400

134 1662 222 1738 Quae
246 1666 396 1746 suscepta
418 1661 533 1747 fames,
558 1664 715 1744 quantum
738 1661 931 1726 discriminis
954 1663 1043 1748 urbi,

132 1751 178 1816 Ni
201 1755 258 1815 tua
281 1750 333 1815 vel
356 1751 458 1815 soceri
480 1772 657 1834 numquam
679 1770 746 1815 non
768 1751 902 1834 provida
925 1751 1029 1816 virtus

133 1838 320 1905 Australem
342 1836 473 1904 Arctois
496 1843 662 1923 pensasset
685 1839 835 1926 frugibus
861 1860 989 1905 annum.

133 1927 283 1994 Invectae
305 1927 456 1992 Rhodani
479 1926 631 1992 Tiberina
653 1949 711 2011 per
734 1928 817 1992 ostia
841 1928 960 1992 classes

135 2016 367 2102 Cinyphiisque
390 2017 480 2081 ferax
502 2015 616 2080 Araris
640 2017 794 2081 successit
817 2017 935 2081 aristis.
1097 2033 1150 2082 405

133 2106 329 2171 Teutonicus
352 2127 463 2170 vomer
484 2105 704 2188 Pyrenaeique
727 2105 854 2169 iuvenci

133 2194 293 2261 Sudavere
316 2194 409 2281 mihi3
433 2198 558 2280 segetes
581 2192 740 2258 mirantur
762 2193 901 2257 Hiberas

131 2284 271 2370 Horrea3
293 2305 352 2349 nec
374 2283 496 2367 Libyae
520 2286 689 2347 senserunt
712 2281 828 2346 damna
850 2281 980 2346 rebellis

130 2371 202 2438 Iam
223 2372 424 2456 transalpina
448 2371 591 2435 contenti
614 2392 717 2435 messe
741 2369 891 2448 Quirites.

133 2461 194 2527 Ille
218 2461 346 2543 quidem
369 2460 467 2524 solvit
490 2459 621 2524 meritas
645 2457 722 2548 (scit
744 2457 903 2545 Tabraca)
926 2478 1060 2542 poenas,
1098 2474 1151 2523 410

133 2549 180 2614 Vt
202 2554 312 2633 pereat
336 2550 527 2633 quicumque
550 2549 616 2614 tuis
639 2548 820 2613 conflixerit
844 2547 949 2611 armis.

201 2638 297 2704 ‘Ecce
320 2661 434 2723 repens
457 2638 559 2702 isdem
582 2637 688 2702 clades
712 2659 730 2700 a
753 2637 901 2720 partibus
925 2635 990 2701 exit

134 2727 343 2811 Terrcrisque
365 2728 485 2812 minus,
510 2725 565 2790 sed
587 2726 661 2810 plus
684 2725 837 2790 habitura
859 2725 991 2809 pudoris

133 2816 314 2901 Eutropius
338 2816 458 2880 consul.
503 2814 633 2879 Pridem
655 2815 794 2879 tolerare
816 2815 956 2879 fatemur

133 2905 207 2971 Hoc
229 2927 345 2992 genus,
368 2903 502 2968 Arsacio
525 2907 700 2987 postquam
724 2925 757 2967 11
780 2903 869 2990 regia
892 2900 979 2965 fastu
1099 2916 1152 2966 415

134 2994 275 3059 Sustulit
300 2998 331 3058 11
354 2996 486 3058 nostros
510 2993 653 3076 corrupit
675 2991 809 3057 Parthia
832 3010 946 3055 mores.

133 3082 293 3147 Praefecti
317 3082 372 3146 sed
395 3082 499 3146 adhuc
521 3082 657 3167 gemmis
680 3081 826 3164 vestique
850 3078 1009 3142 dabantur

136 3172 293 3236 Custodes
317 3193 472 3254 sacroque
496 3171 646 3235 adhibere
670 3168 798 3235 silentia
822 3188 951 3251 somn03

134 3259 254 3324 Militia
277 3259 415 3325 eunuchi
437 3281 614 3343 numquam
636 3280 695 3344 pro
736 3278 807 3322 essa
830 3256 943 3337 cubili,

134 3348 212 3415 Non
234 3349 301 3414 vita
324 3349 502 3433 spondente
525 3349 634 3435 fidem3
658 3281 736 3412 sed!
735 3346 851 3410 inertia
874 3349 982 3410 tutum
1100 3359 1155 3410 420

134 3437 255 3503 Mentis
278 3438 396 3525 pignus
420 3442 496 3502 erat.
543 3436 672 3502 Secreta
694 3435 828 3500 monilia
851 3438 993 3524 servent,

125 3526 273 3591 Ornatus
294 3531 411 3592 curent
435 3527 564 3614 Tyrios:
588 3549 607 3591 a
630 3527 736 3592 fronte
760 3524 908 3590 recedant
