2438 3832
251 132 372 202 (XVIII.)
390 131 430 186 IN
448 131 663 188 EVTROPIVM
681 129 792 184 LIBER
809 127 953 183 PRIMVS.
1068 127 1113 191 55

97 296 207 360 Donat
230 292 423 381 Arinthae03
444 317 548 380 neque
571 294 657 358 enirn
679 294 744 358 iam
767 293 884 379 dignus
907 291 1020 356 haberi

97 383 167 450 Neo
189 388 335 449 maturus
359 385 429 449 emi.
477 383 557 449 Cum
580 382 745 447 fastiditus
768 382 881 467 abiret,

97 473 202 549 Quam
225 473 357 560 gemuit,
381 478 502 556 quanto
525 473 651 557 planxit
675 471 813 535 divortia
835 470 938 534 luctu!
1078 484 1113 535 65

98 562 204 627 ‘Haeo
226 566 304 647 erat,
326 562 399 648 heu,
420 563 617 645 Ptolomaeo,
639 561 741 624 fides?
770 559 832 624 hoc
854 558 978 642 profuit
1001 562 1091 623 aetas

96 649 137 714 In
159 651 282 737 gremio
307 655 497 734 consumpta
520 655 577 715 tuo
600 651 767 733 lectusque
789 648 908 734 iugalis

97 740 142 804 Et
166 740 255 804 ducti
277 740 397 804 totiens
420 741 505 805 inter
527 739 713 823 praesaepia
736 736 863 802 somni?

96 827 246 892 Libertas
269 829 428 913 promissa
451 828 557 912 perit?
589 826 773 892 Viduumne
796 825 953 910 relinquis

97 916 294 1001 Eutropium
316 920 488 1000 tantasque
511 920 662 1002 premunt
686 915 806 980 oblivia
827 919 949 1000 noctes,
1081 930 1115 979 70

98 1005 268 1071 Crudelis?
306 1004 439 1071 Generis
461 1028 520 1090 pro
545 1027 616 1070 sors
639 1004 810 1069 durissima
834 1004 952 1069 nostri!
981 1067 983 1072 .

97 1094 240 1179 Femina,
264 1115 335 1159 cum
360 1095 475 1180 senuit,
498 1095 615 1159 retinet
639 1094 776 1158 conubia
798 1096 905 1176 partu,

98 1182 282 1266 onrisque
306 1183 401 1247 decus
424 1184 538 1248 matris
560 1182 739 1246 reverentia
761 1185 884 1264 pensat.

97 1271 169 1336 Nos
192 1271 315 1336 Lucina
337 1272 432 1358 fugit,
454 1293 514 1336 nec
536 1272 671 1358 pignore
694 1270 829 1342 nitimur
851 1269 929 1334 ulle.

100 1359 181 1424 Cum
204 1360 308 1425 forma
332 1360 475 1444 dilapsus
499 1382 602 1445 amor3
625 1359 775 1424 defloruit
799 1359 864 1423 oris

97 1447 224 1513 Gratia:
249 1470 311 1533 qua
334 1450 443 1514 miseri
467 1449 615 1532 scapulas
638 1448 818 1513 tutabimur
840 1447 932 1512 arte?

98 1535 169 1613 Qua
191 1537 335 1621 placeam
358 1538 483 1602 ratione
507 1537 641 1602 senex?'

687 1624 742 1690 Sic
763 1625 850 1690 fatus
874 1630 1004 1690 acutum

99 1712 297 1800 Adgreditur
319 1714 445 1779 lenonis
469 1737 560 1799 opus,
582 1735 641 1779 nec
665 1714 773 1800 segnis
796 1715 837 1778 ad
860 1718 963 1779 artem

99 1802 192 1867 Mens
215 1807 284 1867 erat
308 1803 470 1887 officiique
494 1825 594 1887 capax
617 1824 792 1888 omnesque
814 1802 947 1887 pudoris
982 1836 985 1840 ⁴

99 1890 262 1955 Hauserat
283 1891 426 1956 insidias.
474 1891 628 1957 Custodia
649 1892 740 1956 nulla
762 1891 882 1957 tuendo

99 1978 179 2044 Fida
202 1984 289 2066 tor03
311 1980 394 2045 nulli
416 1984 568 2063 poterant
591 1980 757 2044 excludere
780 1985 900 2045 vectes:

98 2066 159 2132 llle
182 2068 234 2131 vel
257 2072 365 2132 aerata
388 2068 522 2133 Danaen
544 2069 580 2132 in
601 2072 691 2132 turre
713 2069 868 2133 latentem

99 2156 249 2221 Eliceret.
294 2156 407 2221 Fletus
430 2157 552 2222 domini
574 2156 720 2243 fingebat
742 2157 880 2221 amantis

99 2243 342 2328 Indomitasque
365 2267 465 2330 mora,
487 2245 592 2329 pretio
615 2244 739 2309 lenibat
762 2267 874 2310 avaras

99 2333 315 2417 Lascivasque
337 2334 431 2420 iocis3
453 2356 521 2399 non
542 2332 692 2399 blandior
714 2333 802 2398 ullus
825 2336 931 2400 euntis

98 2421 246 2486 Ancillae
269 2422 416 2508 tetigisse
438 2423 525 2487 latus
548 2423 725 2506 leviterque
748 2424 889 2489 reductis

99 2510 256 2575 Vestibus
280 2512 406 2575 occulto
431 2512 552 2575 crimen
573 2511 742 2576 mandasse
767 2533 900 2576 susurro

98 2598 168 2663 Nec
191 2599 288 2663 furtis
312 2600 474 2682 quaesisse
497 2600 604 2665 locum
627 2621 687 2664 neo
708 2601 820 2665 fraude
843 2606 970 2686 reperta

101 2687 234 2757 Cautior
257 2688 339 2752 elusi
361 2688 510 2753 fremitus
532 2688 635 2753 vitare
657 2689 775 2754 mariti.

99 2776 196 2840 Haud
219 2776 313 2841 aliter
334 2776 486 2841 iuvenum
509 2777 647 2841 flammis
670 2776 834 2862 Ephyreia
856 2779 932 2844 Lais

99 2864 128 2929 E
152 2865 281 2951 gemino
306 2865 407 2929 ditata
429 2866 524 2952 mari3
548 2887 620 2930 oum
644 2871 729 2931 serta
752 2867 872 2931 refudit

100 2952 252 3040 Canities,
274 2955 340 3018 iam
362 2954 459 3018 turba
480 2976 600 3038 procax
621 2955 791 3038 noctisque
813 2956 933 3021 recedit

99 3041 253 3108 Ambitus
277 3047 309 3107 et
332 3064 405 3107 raro
428 3043 577 3127 pulsatur
598 3044 695 3107 ianua
717 3047 808 3108 tactu

100 3129 205 3215 Seque
227 3131 416 3196 reformidat
439 3132 569 3215 speculo
593 3132 764 3197 damnante
787 3138 948 3220 senectus3

98 3218 173 3285 Stat
195 3225 305 3285 tamen
327 3225 424 3305 atque
447 3220 527 3285 alias
551 3221 710 3308 succingit
732 3222 805 3286 lena
827 3223 993 3288 ministras
1081 3242 1116 3292 95

99 3308 326 3393 Dilectumque
350 3309 405 3374 diu
429 3310 575 3394 quamvis
597 3310 755 3396 longaeva
777 3311 914 3394 lupanar

100 3396 224 3462 Circuit
247 3402 279 3463 et
302 3399 442 3463 retinent
465 3420 581 3484 mores,
604 3399 691 3482 quod
712 3399 851 3484 perdidit
875 3405 971 3466 aetas.

165 3486 252 3552 Hinc
269 3487 376 3552 honor
388 3487 562 3576 Eutropi03
582 3508 718 3574 cumque
737 3489 1136 3555 omnibusunimas'xraua

1194 3624 1210 3717 t
