2438 3832
359 134 645 192 ADNOTATIONES
664 135 840 194 ORITlCAE.
1034 138 1112 193 XXV

85 319 88 323 ⁴
164 296 254 351 verba
273 295 348 350 enim
366 312 439 365 quae
459 298 524 350 sunt
542 297 632 352 Aorno
650 300 735 366 oceri,
754 299 824 369 sapa
839 299 980 368 praesidio
998 314 1055 352 non
1069 297 1112 351 in-

69 412 73 418 .
165 368 352 437 compositam
365 367 574 437 repetitionem,
589 367 663 422 sicut
677 367 880 423 animadvertit
893 368 944 437 Bi,
959 369 1008 423 sed
1022 368 1112 423 totius

165 439 336 513 sententiae,
364 454 422 506 qua
449 438 484 492 de
512 441 657 494 armatura
683 443 713 493 et
734 439 882 510 pugnandi
908 440 1112 494 consuetudine

163 509 328 564 Maurorum
355 508 507 578 agebatur,
539 511 622 578 quasi
654 510 863 566 conclusionem
893 528 952 565 non
982 511 1112 580 ineptam

163 581 309 636 continere
329 580 461 650 equidem
485 596 593 636 censeo.
626 582 716 637 Amo
739 583 834 636 autem
856 581 922 636 telis
945 581 1111 651 iaculisque,

162 652 219 706 hoc
238 654 283 708 est
300 651 358 706 levi
376 655 537 706 armaturae
560 651 694 722 opposita
717 669 778 708 esse
801 656 950 708 memento.
991 653 1112 721 denique

165 723 240 776 libro
254 723 281 778 V
290 754 323 763 -
338 722 407 776 licet
420 722 544 792 optimus
560 723 640 776 sit-
651 723 741 778 multo
755 723 893 778 minorem
907 724 991 778 fidem
1005 724 1111 778 haben-

163 794 231 847 dam
250 810 311 848 esse
328 793 359 847 in
376 793 505 848 versibus
529 796 558 848 et
577 793 641 848 aliis
665 797 694 849 et
713 795 758 850 his
781 794 852 864 ipsis
871 795 944 850 Gild.
960 800 1112 850 420-446

163 865 241 919 infra
258 865 296 920 ad
313 865 447 919 Fescenn.
464 870 488 932 1,
504 869 520 918 3
539 865 668 935 pluribus
688 866 897 921 demonstrabo.

88 942 144 992 473
162 954 213 1062 ἴω
231 953 308 1061 rezne
324 943 376 1018 oct
392 937 475 1007 solea]
496 953 560 989 cum
578 937 692 1006 optimis
711 936 791 991 libris
810 937 888 992 VPc
908 937 1110 992 consentienti-

184 1025 217 1060 us
235 1024 347 1062 remur.

89 1083 146 1135 488
165 1080 258 1132 totum
278 1095 387 1133 versum
406 1079 459 1132 VP
478 1080 591 1134 secutus
610 1076 698 1147 edidi,
716 1094 780 1131 cum
797 1077 901 1146 reliqui
919 1077 985 1131 libri
1000 1079 1111 1147 legant:

165 1149 279 1205 ‘Solvite
287 1152 354 1218 iam,
367 1152 456 1216 eocr'i’,
470 1151 593 1205 clamarat
607 1150 669 1205 ‘cat
681 1152 799 1219 rumpite
810 1150 927 1216 saaem’,
940 1149 1016 1217 quod
1030 1166 1111 1218 prac-

163 1220 234 1275 tulit
251 1219 357 1274 Birtius
372 1225 401 1275 et
414 1219 627 1276 festinationem
641 1219 851 1275 classiariorum
865 1220 959 1274 verbis
974 1220 1075 1276 Solvite
1087 1264 1111 1277 ..

163 1297 215 1346 aut
237 1294 355 1361 rumpite
377 1292 522 1361 praeclare
550 1290 712 1361 depinctam
741 1308 803 1346 esse
831 1293 968 1346 autumat.
1006 1308 1058 1361 ego
1081 1291 1112 1345 in

165 1362 323 1417 contrarias
350 1366 446 1446 partes
474 1362 590 1444 transii,
616 1379 681 1444 ¹curn
710 1362 814 1416 debilis
836 1361 932 1444 potius
955 1379 989 1416 ac
1011 1379 1112 1443 parum

163 1433 1112 1574 aalatltatltlta?tatianasltdf‘tdsattal:

165 1575 202 1630 ab
221 1592 287 1632 mss.
306 1576 361 1630 VP
380 1575 494 1630 traditis
514 1576 688 1644 anaphoram
707 1576 850 1631 efficacem
869 1578 898 1630 et
915 1578 1002 1644 poeta
1014 1579 1113 1630 nostro

163 1662 232 1702 vere
250 1647 366 1717 dignam
385 1645 557 1716 agnoverim.

470 1807 510 1873 In
532 1809 737 1893 Eutropium.

97 1933 148 1986 le
167 1931 304 2002 abasque]
325 1946 421 1985 omnes
438 1929 506 1984 libri
523 1933 637 1999 praeter
655 1930 690 1998 B,
714 1930 794 1984 cuius
812 1929 964 1984 lectionem
983 1931 1113 1998 binasque

162 2000 207 2058 Bi.
230 2000 363 2083 probavit
386 2003 415 2056 et
438 2001 597 2071 adsumpsit
616 2001 679 2055 coll.
698 2000 785 2054 Plinii
802 2000 876 2056 Hist.
897 2002 962 2057 Nat.
982 2001 1008 2053 ΙΙ
1025 2017 1047 2054 c.
1063 2005 1110 2067 993

165 2072 215 2126 sed
233 2073 310 2126 idern
328 2073 406 2127 locus
420 2072 567 2125 Plinianus
587 2072 669 2127 docet
686 2071 718 2125 in
735 2071 838 2126 talium
853 2071 1049 2141 prodigiorum
1064 2071 1112 2124 de-

164 2142 319 2213 scriptione
338 2142 456 2198 verbum
471 2143 589 2198 ‘videre'
605 2159 776 2212 magnopere
791 2141 928 2196 usitatum
944 2159 1006 2196 esse
1019 2158 1113 2209 neque

165 2214 256 2283 igitur
269 2217 322 2280 est,
337 2232 385 2269 cur
399 2214 536 2270 librorum
550 2231 718 2269 consensum
731 2213 789 2268 fere
804 2212 929 2267 omnium
942 2229 1111 2268 recusemus.

164 2288 290 2340 ceterum
313 2286 401 2340 Iulius
426 2286 589 2354 Obsequens
607 2291 656 2340 31:
683 2286 808 2341 interdic
831 2287 913 2339 etiam
935 2285 1008 2340 deae
1031 2285 1114 2340 tanae

163 2360 254 2427 oieae;
272 2362 302 2411 et
320 2356 427 2411 similia
443 2357 521 2411 idern
540 2357 659 2425 saepius.

109 2435 145 2484 13
165 2427 423 2498 interpunctionem
441 2430 506 2498 post
523 2429 601 2496 fibris
620 2445 637 2481 a
655 2425 746 2481 Birtio
766 2429 795 2480 et
813 2426 987 2481 Mommseno
1011 2442 1113 2495 propo-

167 2499 253 2553 sitam
271 2515 339 2554 cave
357 2515 393 2553 ne
412 2500 538 2567 sequaris
557 2502 587 2553 et
599 2498 661 2568 ipse
676 2497 718 2553 Bi.
733 2497 804 2553 bene
819 2497 903 2552 cavit.
937 2499 1024 2553 verba
1037 2497 1112 2551 enim

165 2574 321 2639 quaesunt
341 2570 417 2640 Quae
434 2588 506 2627 acca
519 2571 689 2640 portendant
710 2572 805 2639 sapori
828 2569 866 2622 ad
888 2567 945 2623 tria
967 2568 1020 2624 illa
1040 2585 1113 2637 quae

166 2642 340 2711 praecedunt
358 2640 515 2710 enuntiata,
532 2657 590 2695 non
608 2640 645 2695 ad
662 2657 760 2696 vocem
779 2642 858 2707 nefas
877 2641 966 2694 solam
981 2639 1114 2708 adposita

166 2728 227 2767 esse
247 2711 307 2766 sine
327 2711 506 2766 dubitatione
525 2712 673 2767 contendo.
705 2727 788 2781 porro
804 2711 985 2780 aequabilem
999 2713 1111 2765 senten-

164 2783 270 2838 tiarum
287 2783 400 2837 illarum
420 2782 657 2837 constructionem
675 2783 737 2850 quis
756 2785 873 2852 tangere
893 2783 1015 2837 audeat?

108 2861 145 2910 20
165 2855 254 2925 diras]
284 2854 319 2908 de
346 2854 401 2909 hoc
427 2854 490 2909 loco
521 2853 587 2908 vide
619 2869 692 2922 quae
724 2854 842 2923 exposui
875 2853 932 2907 ‘De
965 2851 1113 2907 codicibus

166 2924 337 2981 Cuiacianis'
357 2943 384 2995 p.
400 2929 443 2980 58.
861 2974 866 2982 .

107 3003 144 3053 23
165 2997 212 3053 Sic
228 2999 322 3052 omnic
339 2998 429 3067 cobis]
449 2995 484 3052 cf.
499 2993 606 3049 ibidem
624 3013 651 3064 p.
667 3001 700 3050 59
716 2997 745 3049 et
760 3000 793 3048 62
814 2994 876 3063 (sub
895 2994 1060 3062 addendis).
1089 2992 1114 3046 si

10 3073 15 3083 '
165 3067 229 3137 quis
247 3084 312 3122 vero
332 3069 367 3122 de
389 3067 511 3122 lectione
534 3067 696 3121 etiamnunc
720 3067 842 3134 dubitet,
867 3067 961 3121 locum
984 3065 1111 3119 adferam

164 3138 207 3193 ita
225 3139 432 3206 concinentem,
455 3136 563 3192 utiam
582 3136 695 3192 desinat
713 3137 869 3206 dubitatio,
896 3137 935 3191 Vl
954 3153 1029 3192 cons.
1044 3141 1111 3189 297:

166 3210 219 3266 Sed
237 3213 360 3281 pipaoro
381 3211 478 3265 cobis
500 3209 644 3264 Romanas
667 3226 799 3279 carosque
820 3225 910 3264 ouras
929 3209 1114 3278 praedamque

166 3282 314 3337 tenebat!
334 3284 411 3335 amat
420 3279 529 3335 scilicet
539 3279 710 3334 Claudianus
721 3296 772 3333 sua
781 3279 870 3347 ipsius
882 3280 969 3334 verba
976 3281 1113 3349 repetere.

108 3358 144 3408 31
165 3353 234 3424 raro]
257 3355 308 3407 wat
326 3352 401 3406 P¹H
423 3368 457 3406 ex
480 3350 644 3405 coniectura
666 3353 758 3405 ortum
781 3350 894 3405 videtur
917 3349 1038 3418 ideoque
1061 3349 1113 3402 rei·

166 3423 309 3491 ciendum;
338 3425 448 3479 dominc
468 3440 594 3479 ...aaa
616 3439 668 3491 pro
688 3420 815 3475 ablativo
840 3421 970 3475 absoluto
995 3419 1113 3487 accipio.

166 3493 274 3549 similia
292 3493 412 3549 contulit
431 3494 569 3548 Gesnerus
588 3493 626 3550 ad
644 3493 663 3549 l.
