2438 3832
347 155 470 226 (XXVI.)
494 154 543 210 DE
562 153 677 212 BELLO
696 151 863 210 (10111100.
916 169 920 175 ’
1048 152 1110 217 197

98 318 233 386 Aeetam
257 318 459 403 Colchosque
480 322 608 404 petens,
629 317 782 402 propiore
804 314 926 402 periclo

98 408 257 474 Omnibus
280 407 444 493 attonitis,
468 408 557 472 solus
579 411 655 492 post
677 405 811 470 numina
833 403 958 490 Tiphys

96 497 296 564 Incolumem
318 497 418 564 tenui,
433 497 549 562 damno
573 517 717 561 servasse
741 494 883 561 carinam
1096 507 1113 558 1

97 587 215 652 Fertur
237 591 269 651 et
292 586 468 670 ancipitem
489 585 612 651 montis
634 585 755 649 vitasse
778 583 906 648 ruinam

97 677 306 760 Deceptoque
328 696 429 761 vagae
452 696 611 741 concursu
633 674 724 758 rupis
747 673 783 737 in
807 672 910 736 altum

97 764 275 830 Victricem
299 764 428 829 duxisse
450 767 569 849 ratem3
592 768 744 847 stupuere
767 761 924 846 superbae

98 853 180 920 Arte
202 854 266 919 viri
289 853 429 917 domitae
453 851 685 939 Symplegades
709 855 741 916 et
758 872 849 916 nova
870 870 986 934 passae

98 943 174 1009 Iura
198 942 260 1007 soli
284 941 409 1007 cunctis
432 941 545 1006 faciles
568 941 634 1006 iam
656 939 821 1025 puppibus
843 939 991 1024 haerent,
1082 952 1115 1008 10

98 1032 145 1097 Vt
168 1032 255 1096 vinci
279 1030 418 1095 didicere
441 1030 548 1095 semel.
586 1028 709 1105 Quodsi
733 1028 832 1093 ardua
856 1027 986 1112 Tiphyn

98 1119 203 1187 Navis
227 1120 268 1184 ob
291 1120 448 1185 innocuae
470 1119 623 1183 meritum
647 1118 694 1182 sic
716 1117 823 1204 gloria
845 1117 959 1201 vexit,

100 1209 189 1286 Quae
210 1207 274 1273 tibi
297 1229 356 1293 pro
379 1208 464 1272 tanti
486 1207 582 1292 pulso
606 1206 792 1271 discrimine
814 1205 907 1291 regni

101 1296 271 1363 Sufficient
293 1297 418 1382 laudes,
442 1296 604 1362 Stilicho?
638 1295 731 1360 Licet
755 1294 864 1359 omnia
886 1297 976 1361 vates

100 1385 140 1452 ln
161 1387 267 1451 maius
291 1385 452 1450 celebrata
475 1385 581 1451 ferant
604 1385 772 1469 ipsamque
796 1382 942 1448 secandis

100 1474 222 1562 Argois
245 1474 394 1539 trabibus
417 1474 539 1539 iactent
563 1474 695 1538 sudasse
717 1473 898 1538 Minervam

100 1564 170 1630 Nec
192 1563 334 1629 nemoris
357 1563 441 1627 muti
464 1563 609 1628 iunxisse
633 1562 776 1628 carentia
799 1583 896 1627 sensu

100 1653 247 1738 Robora,
270 1652 327 1717 sed
349 1674 441 1716 caeso
465 1651 597 1716 Tomari
618 1650 707 1716 Iovis
731 1672 853 1737 augure
875 1649 950 1715 luco

101 1741 229 1806 Arbore
250 1763 407 1826 praesaga
429 1740 560 1805 tabulas
583 1740 744 1805 animasse
766 1740 927 1823 loquaces.

101 1830 247 1894 Plurima
271 1829 327 1893 sed
350 1829 498 1912 quamvis
522 1828 622 1894 variis
645 1828 802 1894 miracula
824 1825 980 1892 monstris

102 1917 320 2005 ingeminent,
342 1921 470 1983 teneras
493 1917 612 1982 victuri
636 1917 776 1982 carmine
799 1920 937 2002 mentes,

102 2007 329 2092 Harpyiasque
352 2010 459 2072 truces
482 2005 700 2091 insopitisque
722 2006 867 2071 refusum

103 2095 275 2161 Tractibus
299 2096 404 2160 aurati
427 2095 593 2160 custodem
615 2095 745 2160 velleris
768 2115 907 2180 anguem

103 2184 149 2250 Et
171 2185 249 2271 iuga
271 2188 439 2249 taurorum
461 2184 584 2268 rapidis
608 2183 758 2248 ambusta
780 2182 902 2247 favillis

102 2274 148 2338 Et
170 2273 289 2337 virides
312 2273 415 2359 galeis
439 2272 546 2337 sulcos
570 2272 717 2356 fetasque
738 2271 872 2336 novales

103 2361 220 2427 Martis
243 2366 275 2426 et
299 2362 334 2426 in
357 2366 498 2448 segetem
523 2361 696 2426 crescentis
720 2360 843 2426 semina
865 2359 960 2425 belli:

103 2450 163 2516 Nil
185 2451 271 2515 veris
294 2450 428 2534 aequale
452 2450 582 2515 dabunt.
618 2449 797 2515 Prohibere
819 2470 952 2533 rapaces

105 2539 236 2605 Scilicet
258 2538 423 2623 Harpyias
445 2561 574 2623 unaque
597 2539 765 2604 excludere
787 2560 899 2604 mensa

103 2628 258 2695 Nobilior
280 2628 412 2714 titulus,
436 2650 533 2712 quam
555 2631 606 2692 tot
629 2627 777 2712 potuisse
798 2631 929 2712 paratas

103 2716 143 2782 ln
165 2717 252 2782 Latii
275 2716 427 2801 praedam
450 2715 580 2781 Geticas
604 2720 748 2782 avertere
770 2717 902 2781 fauces?

103 2804 198 2871 Anne
222 2826 282 2891 ego
305 2805 485 2891 terrigenas
508 2805 619 2889 potius
642 2805 786 2871 mirabor
809 2805 844 2869 in
866 2804 948 2890 ipsis

103 2894 320 2959 Procubuisse
344 2894 438 2979 satis,
460 2894 546 2959 ritae
570 2894 689 2978 quibus
712 2894 825 2958 attulit
847 2893 933 2958 idem

103 2982 305 3067 Principium
329 2984 490 3067 finemque
514 2983 596 3069 dies,
619 3005 717 3067 quam
740 3003 832 3047 caesa
856 2981 1011 3048 Getarum

104 3071 260 3158 Agmina,
283 3093 366 3156 quos
389 3071 491 3137 tantis
514 3072 597 3136 aluit
618 3071 755 3137 Bellona
777 3071 920 3155 tropaeis

104 3161 251 3245 Totaque
275 3161 335 3226 sub
358 3161 461 3248 galeis
484 3160 646 3227 Mavortia
669 3159 779 3226 canuit
802 3160 913 3225 aetas?

171 3249 234 3314 Per
256 3253 289 3314 te
311 3272 451 3334 namque
473 3272 574 3315 unum
596 3249 712 3313 mediis
736 3252 833 3314 exuta
854 3247 998 3314 tenebris

104 3335 245 3422 Imperio
270 3360 328 3402 sua
351 3339 456 3403 forma
478 3337 575 3424 redit,
598 3337 813 3422 claustrisque
837 3337 963 3402 solutae

104 3426 268 3492 Tristibus
292 3449 456 3518 exangues
480 3427 604 3496 audent
623 3426 937 3517 procedereleges.

88 3512 227 3598 Iamque
245 3522 440 3602 potestates
463 3522 605 3611 priscus
628 3517 854 3590 discriminat
876 3509 966 3575 orbo
