2438 3832
65 212 67 217 ·
130 181 275 255 (xxxvi.)
295 181 343 236 nu
361 181 484 237 alera
497 145 750 237 Faesulanum
769 180 879 238 urana
892 179 1058 237 runrrvs.
1076 179 1145 245 293

128 345 288 432 Pondere,
309 345 344 410 ni
367 345 486 409 lassam
509 344 639 409 fulciret
661 344 808 429 proxima
824 366 976 435 quercus.

129 433 207 499 Inde
229 435 328 499 timor
349 455 531 517 numenque
554 434 640 520 loco,
662 434 866 517 nemorisque
890 438 1036 498 senectae

129 523 291 610 Parcitur,
314 523 529 606 aetheriisque
551 523 642 593 nefas
664 522 813 587 nocuisse
836 523 987 607 tropaeis.

129 612 264 677 Pascere
286 611 396 677 nullus
420 633 495 676 oves
517 632 577 676 nec
599 612 717 676 robora
740 611 863 676 laedere
888 611 1026 696 Cyclops
1091 628 1143 677 355

128 698 236 765 Audet
259 701 382 786 etipse
405 701 491 786 fugit
515 723 606 764 sacra
627 700 847 785 Polyphemus
871 701 911 765 ab
934 702 1057 766 umbra.

114 866 115 869 Ἴ
195 789 272 856 Non
293 794 403 854 tamen
424 789 487 853 hoc
509 789 637 854 tardata
661 788 764 854 Ceres.
801 789 997 855 Accenditur
1018 790 1107 858 ultro

128 878 312 965 Relligione
335 878 399 943 loci
421 878 592 961 vibratque
615 879 734 943 infesta
757 879 894 943 securim

128 965 240 1051 Ipsum
263 967 361 1031 etiam
383 967 518 1031 feritura
540 965 665 1032 lovem:
689 967 850 1032 succidere
872 968 969 1053 pinus

128 1055 195 1120 Aut
218 1056 322 1143 magis
345 1055 462 1120 enodes
486 1055 613 1120 dubitat
635 1061 838 1140 prosternere
862 1057 973 1121 cedros
1090 1074 1143 1122 360

127 1144 350 1229 Exploretque
372 1144 497 1208 habiles
520 1148 654 1209 tnmcos
676 1145 820 1229 rectique
842 1148 987 1215 tenorem

128 1232 257 1317 Stipitis
281 1236 313 1297 et
336 1237 424 1298 certo
446 1236 643 1317 pertemptat
665 1233 797 1298 brachia
818 1234 901 1300 nisu.

101 1330 103 1335 '
129 1321 196 1406 sie,
220 1321 276 1405 qui
298 1326 450 1386 vecturus
473 1322 653 1409 longinqua
674 1345 732 1407 per
755 1345 895 1406 aequora
918 1345 1040 1388 merces

128 1410 264 1475 Molitur
285 1411 401 1475 tellure
425 1415 528 1475 ratem
550 1410 714 1495 vitamque
736 1412 887 1496 procellis

129 1498 298 1565 Obiectare
320 1504 428 1587 parat,
450 1501 545 1587 fagos
567 1500 701 1565 metitur
722 1495 755 1565 et
779 1501 871 1566 alnos
1089 1519 1142 1569 365

129 1589 174 1652 Et
196 1589 322 1654 varium
345 1589 480 1654 rudibus
504 1589 595 1654 silvis
618 1590 839 1655 accommodat
861 1613 969 1655 usum:

129 1676 216 1753 Quae
239 1677 338 1764 longa
361 1682 425 1763 est,
447 1677 580 1742 tumidis
603 1679 771 1763 praebebit
794 1700 914 1744 cornua
936 1679 1031 1766 velis3

128 1764 216 1841 Quae
238 1765 349 1850 fortis,
372 1766 463 1831 clavo
486 1766 608 1853 poti0r3
632 1789 713 1850 quae
736 1766 837 1852 lenta,
860 1768 982 1833 favebit

127 1854 290 1941 Remigio3
314 1854 422 1941 stagni
444 1855 571 1938 patiens
594 1856 734 1940 aptanda
757 1856 892 1921 carinae.

193 1943 366 2008 Tollebant
388 1943 534 2030 geminae
558 1944 664 2028 capita
686 1945 842 2010 inviolata
866 1967 1036 2029 cupressus
1090 1963 1142 2013 370

128 2030 276 2117 Caespite
298 2032 418 2097 vicino:
443 2031 554 2116 quales
576 2055 644 2104 non
665 2033 802 2117 rupibus
824 2032 899 2098 Idae

126 2119 265 2185 Miratur
288 2119 421 2205 Simois,
444 2120 555 2204 quales
577 2143 645 2186 non
667 2121 765 2187 divite
788 2123 859 2207 ripa

94 2275 96 2278 .
126 2209 256 2273 Lambit
279 2208 443 2294 Apollinei
465 2209 606 2275 nemoris
628 2211 772 2275 nutritor
795 2209 942 2276 Orontes.

128 2297 304 2363 Germanas
327 2298 406 2363 adeo
430 2298 554 2385 credas3
578 2298 625 2363 sic
647 2299 811 2364 frontibus
834 2301 945 2383 aequis

126 2385 268 2450 Adstant
291 2389 323 2450 et
346 2386 435 2451 socio
458 2386 645 2472 despectant
667 2388 786 2454 vertice
808 2389 925 2455 lucum.
1088 2408 1141 2458 oto

126 2474 197 2539 Hae
219 2475 368 2560 placuere
391 2476 485 2542 faces.
522 2477 641 2541 Pernix
663 2477 787 2542 invadit
810 2482 981 2563 utramque

128 2563 240 2629 (tincta
264 2565 368 2651 sinus,
391 2569 500 2630 exerta
522 2588 650 2653 manus,
674 2571 798 2631 armata
820 2567 953 2652 bipenni

126 2652 341 2738 Altemasque
364 2654 440 2719 ferit
462 2655 607 2739 totisque
630 2656 749 2721 obnixa
772 2661 946 2722 trementes

125 2742 259 2807 Viribus
283 2743 431 2827 impellit.
467 2744 594 2809 Pariter
615 2749 742 2810 traxere
765 2746 891 2810 ruinam

125 2829 171 2894 Et
193 2832 315 2915 pariter
337 2853 473 2916 posuere
496 2855 605 2898 comas
629 2855 805 2918 campoque
828 2834 1034 2920 recumbunt,
1088 2852 1141 2923 aco

125 2917 310 2983 Faunorum
332 2920 562 3004 Dryadumque
586 2922 686 2997 dolor.
725 2921 959 3006 complectitur
982 2924 1108 3012 ambas,

126 3006 217 3072 Sicut
240 3012 345 3094 erant,
368 3008 496 3092 alteque
518 3009 605 3074 levat
628 3015 779 3094 retroque
803 3011 919 3075 solutis

127 3095 278 3161 Crinibus
300 3097 443 3162 ascendit
466 3098 598 3184 fastigia
620 3099 741 3164 montis
765 3098 872 3163 anheli
971 3137 977 3147 ·

79 3199 83 3210 ’
124 3184 354 3268 Exuperatque
376 3191 485 3251 aestus
508 3190 540 3250 et
561 3187 646 3252 nulli
667 3189 777 3272 pervia
800 3210 878 3252 saxa

126 3271 234 3357 Atque
258 3273 464 3360 indignantes
487 3275 625 3362 vestigia
649 3277 751 3341 calcat
773 3277 924 3343 harenas:
1085 3295 1140 3345 aaa

126 3360 237 3439 Qualis
260 3361 431 3446 pestiferas
454 3364 596 3429 animare
619 3366 659 3429 ad
683 3365 816 3430 crimina
838 3370 933 3432 taxos

124 3450 230 3516 Torva
252 3450 402 3538 Megaera
424 3453 504 3538 ruit,
529 3452 641 3518 Cadmi
664 3477 720 3519 seu
743 3455 871 3520 moenia
892 3461 1005 3542 poscat

101 3610 104 3614 ,
123 3537 198 3607 Sive
222 3539 391 3623 Thyesteis
413 3547 564 3626 properet
587 3543 709 3609 saevire
731 3543 894 3629 Mycenis.
