2438 3832
100 142 166 207 256
428 141 575 197 ChAVDll
594 142 793 199 CLAVDIANI

99 303 164 370 Sed
186 305 319 388 propius
342 306 453 392 nigrae
476 307 582 393 iungit
606 328 640 370 se
664 305 779 370 callida
804 311 909 370 saetae

100 394 146 458 Et
169 394 315 457 meminit
338 395 464 479 captiva
488 395 538 459 sui
560 396 720 481 longeque
742 416 800 479 per
822 394 924 458 undas

100 482 199 570 Pigra
221 483 386 547 venenatis
409 485 544 548 effimdit
566 484 697 547 flamina
719 484 818 548 venis.

100 571 162 636 Per
186 575 308 636 saetam
329 573 379 636 vis
402 573 469 637 alta
491 577 577 637 meat
599 574 781 655 fluctusque
804 573 957 656 relinquit

99 659 279 724 Absentem
301 661 426 726 victura
449 662 566 727 virum:
589 661 779 725 metuendus
802 661 842 725 ab
865 661 940 725 imis
1080 681 1115 728 ao

100 749 229 813 Emicat
251 749 367 822 horror
391 751 482 835 aquis
506 754 538 815 et
561 749 700 835 pendula
723 750 779 814 fila
802 755 931 814 secutus

101 837 231 902 Transit
253 838 468 903 harundineos
492 861 608 903 arcano
632 838 752 924 frigore
775 839 877 903 nodos

100 925 337 1011 Victricemque
361 928 442 1014 ligat
466 930 615 993 concreto
640 927 795 1014 sanguine
819 928 971 993 dextram.

99 1015 300 1080 Damnosum
322 1016 464 1100 piscator
487 1038 568 1081 onus
590 1017 803 1101 praedamque
827 1017 979 1081 rebellem

99 1103 203 1169 Iactat
226 1110 258 1170 et
281 1106 398 1169 amissa
421 1106 504 1170 redit
527 1104 716 1170 exarmatus
733 1127 840 1171 avena.
961 1101 964 1105 ’
1079 1124 1113 1172 25

503 1333 533 1387 a.
553 1331 710 1403 (arura.)

241 1466 286 1523 IN
309 1464 491 1525 IACOBVM
514 1465 752 1525 MAGISTRVM
774 1466 965 1537 EQVITVM.

99 1584 162 1648 Per
186 1584 306 1648 cineres
329 1583 436 1668 Pauli,
459 1607 517 1668 per
540 1584 611 1648 cani
634 1585 746 1649 limina
767 1585 870 1671 Petri,

143 1673 193 1737 Ne
216 1673 336 1754 laceres
359 1695 484 1758 versus,
508 1673 571 1737 dux
593 1671 722 1758 Iacobe,
745 1696 842 1739 meos

98 1760 153 1826 Sic
177 1783 236 1846 ope
260 1766 444 1826 sanctorum
466 1784 533 1826 non
555 1762 712 1826 barbarus
735 1763 842 1826 inruat
865 1762 981 1850 Alpes,
1096 1785 1111 1829 a

144 1850 197 1915 Sic
219 1851 281 1915 tibi
305 1851 357 1915 det
379 1852 463 1915 vires
487 1853 598 1914 sancta
622 1850 768 1915 Susanna
792 1874 879 1936 suas3
1095 1874 1110 1919 o

98 1938 152 2004 Sic
175 1945 231 2004 tua
253 1961 312 2023 pro
337 1939 439 2023 clipeo
463 1939 611 2004 defendat
634 1945 764 2023 pectora
788 1940 928 2005 Thomas
1095 1962 1111 2008 3

143 2029 188 2094 Et
212 2050 317 2092 comes
341 2029 381 2091 ad
403 2028 525 2092 bellum
547 2028 814 2093 Bartholomaeus
839 2034 903 2116 eat3
1095 2051 1112 2096 4

97 2116 367 2201 Sic‘quicumque
390 2117 480 2181 ferox
503 2117 645 2204 gelidum
667 2119 882 2182 transnaverit
905 2118 1064 2204 Histrum,
1096 2139 1110 2186 τ

64 2277 73 2298 .
142 2206 309 2292 Mergatur
331 2207 476 2271 volucres
500 2229 557 2270 ceu
579 2205 757 2270 Pharaonis
781 2207 868 2292 equi3

97 2294 151 2359 Sic
176 2295 303 2359 Geticas
326 2296 426 2359 ultrix
449 2296 544 2358 feriat
567 2294 739 2377 romphaea
763 2299 906 2359 catervas

143 2384 368 2466 Romanasque
391 2388 482 2469 regat
505 2405 658 2467 prospera
681 2383 800 2447 Thecla
822 2406 950 2469 manus3
1078 2403 1112 2450 10

98 2471 152 2536 Sic
175 2472 236 2535 tibi
260 2473 312 2535 det
335 2495 488 2557 magnum
510 2473 651 2536 moriens
674 2473 807 2536 conviva
830 2473 1030 2558 triumphum

142 2559 251 2644 Atque
274 2564 364 2624 tuam
386 2561 516 2625 vincant
540 2561 625 2625 dolia
648 2563 720 2625 fusa
743 2561 845 2646 sitim3

97 2649 152 2716 Sic
173 2671 349 2733 numquam
372 2649 484 2713 hostili
507 2651 685 2714 maculetur
708 2651 863 2737 sanguine
887 2651 1010 2715 dextra:

141 2738 192 2804 Ne
215 2739 335 2803 laceres
358 2760 483 2822 versus,
507 2738 570 2802 dux
593 2737 721 2823 Iacche,
744 2761 841 2803 meos.

502 2967 545 3023 LI.
566 2967 708 3037 (LXVIH.)

324 3102 368 3160 IN
392 3101 608 3160 SPHAERAM
630 3099 886 3160 ARCHIMEDIS.

97 3217 244 3302 Iuppiter
265 3221 300 3284 in
322 3242 421 3304 parvo
446 3243 518 3284 cum
542 3223 684 3283 cerneret
707 3219 837 3283 aethera
859 3221 957 3305 vitra,

143 3309 228 3372 Risit
251 3313 282 3373 et
305 3309 346 3373 ad
369 3331 502 3393 superos
525 3308 603 3372 talia
627 3308 711 3372 dicta
735 3308 833 3372 dedit:

159 3538 180 3572 r.
205 3528 229 3589 5,
251 3525 269 3576 6
289 3524 462 3594 transposui.
