2438 3832
96 150 245 221 (XXXIII)
263 150 311 204 DE
330 151 454 206 RAPTV
472 150 650 209 PROSERPI
637 151 727 205 ΙΝΑΕ
747 151 856 207 LIBER
873 151 1020 205 PRIMVS.
1047 151 1113 217 269

99 312 151 377 Me
175 335 303 415 quoque
327 280 421 413 saepe
445 314 538 379 soles.
572 313 637 381 (lur
659 312 775 383 uuna
797 336 897 400 regua
920 313 1114 396 quaeruut?

98 401 266 466 Nulla't
223 407 266 466 sit
288 401 431 470 inmunis
455 402 545 488 regio
567 403 761 486 nullumque
781 402 842 503 sub
864 402 988 472 umbris
1061 419 1113 472 urb

98 490 177 553 Pect
163 494 217 553 tus
240 491 446 559 inaccmsum
466 490 594 559 Veneri.
631 490 737 561 luat
739 490 829 559 risus
851 490 972 574 Erinys

100 578 225 643 Sent't
164 583 225 643 ttra
248 579 392 665 ardores3
414 577 643 649 Auberent
586 579 654 650 Dit‘
644 602 737 663 usque
760 579 862 647 severi

99 666 216 731 Ferrea
238 668 369 736 lascivis
392 669 583 737 mollescant
606 669 702 736 corda
725 668 877 755 sagittis?

167 755 334 821 Accelerat
358 760 529 840 praecepta
550 757 675 842 Venus3
698 757 853 841 iussuque
874 757 1018 841 parentis

99 845 209 909 Pallas
233 850 264 910 et
287 845 406 913 inflexo
430 867 511 928 quae
533 849 634 919 terret
655 845 804 917 Maenala
826 867 926 915 cornu
1065 861 1116 912 280

101 933 235 998 Addunt
259 956 292 998 se
316 934 459 1003 comites.
495 933 615 1003 Divino
640 935 754 1003 nnita
776 936 891 1020 gressu

104 1021 242 1108 claruit,
265 1023 437 1109 augurium
460 1023 566 1106 qualis
588 1023 715 1094 laturus
737 1023 886 1106 iniquum

101 1111 242 1195 Praepes
266 1111 451 1197 sanguineo-
466 1110 621 1181 dilabitur
643 1112 719 1198 igne
742 1115 882 1180 cometes

103 1198 287 1285 Prodigiale
309 1199 442 1268 rubens:
464 1222 532 1270 non
554 1200 649 1269 illum
670 1200 784 1269 nauita
802 1203 893 1284 uto,

103 1287 181 1352 Non
202 1287 333 1372 impune
355 1287 465 1357 vidant
488 1288 619 1373 populi„
639 1288 695 1356 sed
717 1288 804 1359 crine
825 1287 944 1359 missu
1065 1302 1117 1358 tut

104 1375 244 1442 Nuntiat
267 1381 323 1445 aut
346 1376 471 1448 ratibus
494 1381 610 1447 ventos
632 1381 689 1444 aut
711 1376 848 1447 urbibus
870 1376 990 1447 noue.

104 1465 268 1547 Devenere
291 1466 412 1552 locum,
436 1465 561 1536 uaeris
585 1488 650 1550 que
673 1470 759 1535 tecta
780 1465 929 1537 urebant

106 1553 284 1639 Cyclopum
306 1555 434 1626 firmata
456 1578 567 1625 manu:
591 1559 680 1625 sunt
703 1555 804 1626 ardua
824 1555 910 1619 ferro

107 1642 247 1728 Moenia,
269 1643 383 1714 ferrati
405 1649 529 1729 postes,
551 1645 760 1727 inmensaque
782 1644 884 1713 nectit

108 1731 257 1796 Claustra
276 1732 419 1817 chalybs.
450 1733 588 1804 Nullum
605 1737 700 1803 unu
722 1733 838 1797 sudore
860 1731 1047 1818 Pyragmon
1069 1746 1121 1799 240

107 1820 176 1885 Nec
199 1819 351 1904 Steropes
374 1822 555 1891 construxit
578 1842 676 1905 epus:
695 1842 762 1890 nen
784 1819 906 1890 talibus
928 1841 1083 1902 umquam

108 1907 276 1993 Spiravere
298 1908 396 1979 Notis
420 1909 545 1982 animae
567 1931 626 1977 nec
648 1909 779 1980 flumine
801 1911 895 1979 tanto

107 1995 275 2061 Incoctum
297 1997 421 2068 maduit
444 1997 530 2067 lassa
554 1997 676 2065 cervice
697 1997 872 2067 metullum.

109 2084 205 2149 Atria
228 2087 329 2172 cingit
352 2087 445 2171 ebur3
467 2085 616 2153 trabibus
640 2084 798 2156 solidatur
820 2086 910 2155 aenis

111 2172 246 2238 Oulmen
268 2178 300 2242 et
323 2174 358 2242 in
381 2174 644 2260 celsassurgunt
667 2175 785 2246 eleum
808 2174 983 2247 columnus.
1072 2188 1124 2245 ute

177 2261 252 2346 Ipsa
275 2262 406 2335 domurn
428 2266 541 2330 tenero
563 2262 707 2332 mulcens
728 2261 924 2347 Proserpina
947 2266 1044 2333 uentu

109 2349 212 2415 Inrita
235 2351 365 2419 texebat
388 2351 549 2422 rediturae
571 2373 705 2421 munera
726 2351 831 2419 matri.

110 2439 174 2503 Hic
197 2439 428 2511 elementorum
450 2440 565 2509 seriem
588 2440 743 2523 sedesque
763 2444 915 2525 paternas

112 2527 296 2615 insignibat
319 2550 392 2614 acu,
414 2532 555 2600 veterem
578 2550 642 2612 qua
665 2528 737 2615 lege
758 2530 936 2604 tumultum

111 2617 274 2682 Discrevit
296 2617 423 2688 Natura
445 2639 562 2702 parens
586 2620 618 2685 et
641 2617 764 2689 semina
785 2617 882 2689 iustis
1075 2635 1126 2685 utu

73 2724 75 2728 ⁴
112 2706 296 2770 Discessere
319 2706 414 2776 locis:
440 2705 597 2790 quidquid
618 2707 702 2792 leve,
724 2707 828 2775 fertur
850 2707 886 2780 in
907 2708 1025 2791 alturn3

113 2792 153 2857 In
175 2794 315 2859 medium
338 2795 488 2881 graviora
511 2795 643 2881 cadunt3
666 2795 831 2860 incanduit
817 2800 924 2879 t3aeu

113 2881 209 2967 Legit
231 2884 360 2946 flamma
383 2884 508 2968 polum3
531 2883 625 2948 fluxit
647 2905 749 2968 mare3
772 2887 858 2947 terra
880 2883 1040 2968 pependit.

114 2969 183 3034 Nec
207 2971 295 3034 color
317 2993 401 3042 unus
425 2975 506 3042 erat.
531 2971 643 3043 stellas
666 2935 842 3042 acceirdit
832 2993 868 3036 1n
890 2994 982 3058 auro,

116 3057 176 3122 Ost
162 3062 213 3121 tro
237 3059 343 3123 fundit
329 3064 476 3143 taquas
512 3058 558 3123 At
559 3059 648 3123 tollit
671 3059 769 3123 litora
791 3061 928 3146 gemmis
1076 3075 1128 3124 255

114 3145 249 3230 Filaque
272 3148 457 3213 mentitos
448 3148 578 3212 iamiam
601 3147 758 3212 caelantia
781 3149 859 3212 fluct
860 3171 899 3212 us
1021 3192 1025 3201 -

115 3234 232 3299 Artet
218 3239 356 3301 t2ument
380 3237 490 3303 erudas
512 3235 606 3302 inlidi
628 3236 777 3302 cautibus
801 3237 909 3324 algam

115 3323 161 3388 Et
184 3346 316 3388 raucum
338 3323 492 3394 bibulis
482 3347 646 3409 mserpere
669 3349 815 3390 murmur
836 3324 974 3393 harenis

116 3411 216 3477 Addit
202 3413 381 3497 tquinque
403 3415 531 3505 plagas:
554 3413 692 3478 inediam
709 3413 920 3502 subtegmine
941 3414 1058 3478 rubro

116 3500 290 3568 Obsessam
313 3502 439 3567 fervere
461 3507 555 3567 notat
560 3503 766 3590 3squalebut
789 3503 918 3569 inustus
1080 3520 1136 3566 aee
