2438 3832
197 174 395 231 CARMINVM
413 175 589 230 MINORVM
608 175 801 246 APPENDIX,
820 193 844 231 o.
858 176 991 231 Il-IlIb.
1036 175 1101 240 301

89 336 249 420 Exemplo
272 337 336 401 tibi
358 337 444 402 facta
467 338 568 402 timet.
605 336 737 421 Iamque
760 337 882 423 adripis
904 339 991 403 ultro

88 425 300 509 Spumantem
323 426 477 513 eogisque
500 427 585 490 diem
608 427 740 490 sufferre
762 427 882 491 tuendo
1052 443 1104 492 115

89 512 199 597 Atque
223 514 403 602 supinando
426 515 599 579 mirantem
620 515 744 579 lumina
766 515 854 580 vinci

90 601 238 689 Argolici
259 603 365 681 victor
387 607 498 688 portas
522 603 583 667 sub
606 607 691 668 tecta
714 604 853 687 tyranni.

157 690 256 755 Fama
280 693 363 756 celer
385 696 456 756 toto
479 691 636 756 victorem
659 696 820 776 sparserat
844 694 935 778 orbe,

91 778 323 863 Auxiliumque
347 781 398 844 dei
419 780 574 864 poscebat
598 779 692 845 Creta
716 781 837 845 crudeli

92 868 189 932 Victa
211 869 306 934 malo.
343 869 468 933 Taurus
490 869 597 933 medio
619 892 696 934 nam
719 869 822 934 sidere
844 869 940 934 lunae
1055 887 1105 934 120

91 957 287 1044 Progenitus
309 957 444 1022 Dictaea
465 956 554 1022 Iovis
577 957 763 1042 possederat
786 981 870 1023 arva.

93 1045 230 1110 Fulmen
253 1047 293 1111 ab
318 1068 372 1110 ore
395 1047 498 1132 venit,
521 1047 723 1130 flammisque
746 1047 930 1112 furentibus
954 1045 1043 1110 ardet

93 1133 250 1220 Spiritus,
274 1139 305 1199 et
327 1139 447 1200 terram
468 1157 536 1200 non
559 1136 639 1200 caeli
661 1136 791 1199 flamma
813 1136 951 1222 perurit,

94 1222 158 1287 Sed
180 1223 277 1286 flatus
300 1225 451 1288 monstri:
476 1224 588 1287 dextro
611 1224 676 1288 iam
700 1223 785 1288 Sirio
809 1225 945 1288 cessent

94 1310 206 1377 Sidere
229 1312 355 1398 solque,
378 1312 454 1376 licet
477 1311 609 1398 glaciali
631 1311 753 1398 frigore
775 1313 893 1398 victor,
1058 1328 1106 1376 125

93 1398 292 1465 Abstrusum
315 1401 435 1464 mundo
459 1401 586 1465 claudat
609 1400 717 1486 iubar,
740 1423 835 1465 aurea
859 1400 998 1466 condens

94 1489 246 1574 Lumina,
270 1493 302 1553 et
319 1489 461 1576 -ignifluo
485 1490 686 1573 stupefactus
709 1490 744 1554 in
767 1490 844 1554 orbe
866 1493 1019 1575 tepeseat.

94 1577 216 1643 Aestus
238 1578 336 1643 habet
360 1577 496 1643 Cretam.
532 1578 673 1642 Pereunt
696 1578 841 1663 silvaque
862 1579 1016 1662 lacusque

96 1665 313 1750 Graminaque
336 1671 368 1731 et
391 1668 497 1731 fontes
521 1667 618 1753 sacri,
641 1671 830 1752 montesque
853 1667 977 1752 perurit

96 1755 242 1819 Flamma
264 1756 363 1820 ferox.
399 1753 490 1819 Idam
514 1755 639 1840 superis
663 1755 883 1838 spectantibus
906 1756 994 1841 ignis
1060 1773 1110 1821 130

96 1843 257 1930 Dissipat,
281 1848 313 1908 et
335 1865 453 1929 magno
478 1844 638 1908 cunabula
660 1848 754 1930 grata
776 1843 916 1908 Tonanti

97 1931 177 2019 Igne
201 1955 260 1996 suo
283 1936 480 2017 monstrum,
505 1931 533 1996 si
555 1933 605 1996 fas
628 1937 678 1996 est
702 1933 820 2019 dicere,
842 1932 951 1997 vincit.

30 2045 35 2054 ·
164 2021 307 2086 Tandem
329 2022 415 2086 fama
438 2021 521 2085 celer
543 2021 678 2086 Dictaea
701 2021 741 2084 ad
763 2022 860 2086 litora
882 2043 1036 2107 magnum

98 2109 243 2175 Duxerat
266 2109 414 2174 Alciden:
438 2132 510 2174 cum
532 2113 662 2174 taurum
685 2109 754 2174 dira
775 2109 952 2174 minantem

99 2197 227 2282 Accipit
251 2203 283 2264 et
307 2221 437 2264 saevum
460 2220 559 2262 comu
582 2200 792 2283 flammasque
814 2202 997 2263 vomentem
1062 2213 1112 2261 135

102 2287 243 2371 Corripit
266 2291 363 2370 atque
387 2291 476 2351 artus
500 2287 729 2374 constringens.
746 2287 888 2352 fortibus
911 2286 998 2350 ulnis

100 2374 257 2462 Ignifluos
280 2377 376 2440 flatus
400 2375 603 2459 animamque
624 2377 659 2440 in
681 2380 810 2461 pectore
833 2375 957 2440 clausit.

574 2605 613 2658 111
620 2621 644 2659 a.

494 2737 547 2795 DE
571 2735 728 2798 DVLOIO.
819 2743 822 2750 '

104 2854 261 2919 Nectareo
285 2877 377 2919 muro
402 2854 510 2918 dulces
534 2854 708 2940 cinguntur
730 2854 876 2919 harenae.

575 3081 646 3137 lllb.

497 3215 550 3272 DE
574 3211 731 3273 DVLOIO.

108 3331 212 3395 Suave
235 3331 297 3394 tibi
318 3352 451 3417 nomen3
475 3331 530 3396 sed
554 3332 582 3396 si
605 3336 638 3397 te
660 3331 739 3396 talia
761 3334 914 3417 tangunt,

152 3420 299 3484 Moribus
323 3424 419 3502 atque
442 3421 550 3487 animo
572 3425 686 3506 postea
709 3420 811 3485 dulcis
834 3419 906 3486 1111.
