2438 3832
445 180 591 238 CLAVDII
609 180 808 236 CLAVDIANI

242 436 296 509 IN
323 436 546 509 RUFINUM
574 437 718 510 LIBER
747 436 1005 511 SECVNDVS.

420 615 573 676 INCIPIT
596 614 833 676 PRAEFATIO.

592 749 665 820 (lv.)

120 874 256 938 Pandite
280 874 446 940 defensum
468 874 600 940 reduces
623 874 780 940 Helicona
803 896 942 962 sorores,

164 962 313 1049 Pandite3
340 963 509 1047 promissis
531 964 597 1029 iam
619 964 695 1028 licet
717 963 764 1028 ire
788 963 908 1028 choris:

120 1051 220 1116 Nulla
242 1073 300 1136 per
321 1050 447 1116 Aonios
469 1052 599 1125 hostilis
622 1053 740 1117 bucina
763 1073 894 1136 campos

167 1139 316 1204 Carmina
338 1141 467 1228 mugItu
490 1140 647 1205 deteriore
668 1145 765 1205 vetat.

120 1229 170 1293 Tu
193 1251 322 1313 quoque
345 1230 466 1294 securis
488 1230 583 1313 pulsa
605 1228 776 1293 formidine
799 1229 935 1314 Delphis
1121 1249 1138 1297 5

163 1316 316 1381 Floribus
338 1317 492 1403 ultorem,
514 1317 619 1403 Delie,
643 1317 735 1404 cinge
758 1322 859 1383 tuum.

119 1405 239 1470 Nullus
264 1405 424 1470 Castalios
446 1406 559 1471 latices
583 1410 615 1470 et
637 1407 782 1489 praescia
804 1407 864 1471 fati

162 1493 312 1559 Flumina
334 1495 462 1578 polluto
485 1494 643 1559 barbarus
667 1516 721 1558 ore
744 1494 837 1561 bibit.

120 1668 266 1754 Alpheus
289 1671 355 1735 late
378 1671 489 1735 rubuit
514 1670 721 1755 Siculumque
744 1693 802 1757 per
825 1694 945 1756 aequor

165 1757 365 1845 Sanguineas
388 1760 467 1824 belli
489 1759 617 1824 rettulit
639 1759 726 1824 unda
747 1764 843 1825 notas
1101 1780 1136 1829 10

119 1846 328 1933 Agnovitquc
349 1870 452 1912 novos
476 1847 592 1912 absens
615 1847 779 1913 Arethusa
800 1849 984 1934 triumphos

163 1935 209 1999 Et
233 1935 379 2001 Geticam
402 1936 502 2000 sensit
525 1940 608 2000 teste
632 1958 745 2001 cruore
766 1959 885 2003 necem.

119 2112 293 2198 Inmensis‚
317 2111 470 2198 Stilicho,
494 2113 666 2177 succedant
689 2113 756 2178 otia
778 2114 864 2178 euris

163 2202 209 2267 Et
231 2205 362 2266 nostrae
384 2201 511 2285 patiens
535 2202 631 2267 eorda
654 2202 782 2266 remitte
805 2202 904 2288 lyrae,

118 2288 188 2355 Neo
209 2291 328 2373 pudeat
352 2291 469 2376 longos
491 2289 702 2373 interrupisse
725 2291 854 2355 labores
1103 2311 1135 2360 15

163 2378 209 2442 Et
231 2382 362 2442 tenuem
383 2378 488 2441 Musis
511 2379 718 2443 constituisse
740 2400 874 2446 moram.

118 2466 236 2530 Fertur
258 2469 290 2529 et
313 2464 490 2531 indomitus
514 2467 643 2532 tandem
665 2472 742 2552 post
763 2469 888 2553 proelia
910 2469 1041 2535 Mavors

163 2552 265 2618 Lassa
287 2576 346 2637 per
368 2553 522 2639 Odrysias
545 2555 678 2620 fundare
701 2557 846 2622 membra
867 2557 959 2623 nives

119 2641 313 2727 Oblitusque
337 2643 388 2707 sui
409 2644 518 2728 posita
540 2644 728 2709 clementior
750 2644 845 2710 hasta

162 2731 277 2796 Pieriis
300 2754 394 2796 aures
416 2732 585 2816 pacificare
607 2733 720 2800 modis.
744 2762 749 2769 ·

118 2875 154 2882 —-

190 2965 206 3013 2
225 2959 385 3032 promIssis]
406 2961 533 3030 Rittium
551 2959 705 3030 permIssis.

518 3233 731 3243 -----..-.
