2438 3832
98 152 213 224 (XVH.)
233 152 316 208 PAN.
336 153 624 210 111111111110
644 153 842 211 THEODORO
857 152 1021 213 CONSVLI.
1051 157 1114 222 137

97 316 217 381 1111111
240 317 384 404 gravitas
407 316 495 382 fastu
516 317 655 385 iucunda
678 322 813 385 remoto.

99 405 189 482 Quae
211 427 279 473 non
302 405 426 492 seditio,
450 429 531 490 quae
553 428 620 473 non
641 406 767 473 insania
790 407 881 495 vulgi

98 494 146 559 Te
168 495 239 560 viso
262 494 363 561 lenita
387 495 503 560 cadat?
527 517 608 579 quae
632 495 761 563 dissona
784 496 850 560 ritu

98 583 283 671 Barbaries,
304 583 401 650 medii
425 606 521 668 quam
544 607 611 650 non
633 585 811 649 reverentia
834 585 987 673 frangat?
1064 603 1116 654 250

97 673 162 738 Vel
186 672 348 757 quianon
372 673 484 739 sitiens
508 674 664 741 sermonis
687 673 784 739 mella
806 674 902 758 politi

97 762 237 827 Deserat
259 759 406 846 Orpheos
429 762 547 828 blanda
570 761 732 827 testudine
756 765 892 828 cantus?

100 851 236 927 Qualem
259 854 292 916 te
314 851 452 938 legimus
475 851 579 916 teneri
600 851 776 935 primordia
798 852 910 921 mundi

101 939 304 1005 Scribentcm
328 945 384 1004 aut
406 943 516 1024 partes
539 940 673 1026 animae,
695 962 753 1024 per
777 942 906 1028 singula
928 942 1028 1007 talem

101 1029 270 1096 Cernimus
294 1032 327 1095 11
350 1029 471 1095 similes
495 1029 643 1116 agnoscit
665 1030 784 1116 pagina
806 1053 921 1097 mores.
1064 1047 1115 1097 255

165 1117 236 1183 Nec
259 1117 359 1182 dilata
382 1118 447 1183 tuis
471 1116 621 1204 Augusto
644 1118 749 1182 iudice
772 1141 907 1198 merces
1117 1116 1118 1121 ’

102 1205 237 1292 Officiis,
258 1207 416 1290 illumque
438 1206 596 1291 habitum,
620 1228 684 1290 quo
707 1206 854 1293 iungitur
876 1208 968 1275 aulae

101 1296 207 1381 Curia,
232 1296 287 1379 qui
311 1296 398 1360 socio
421 1317 570 1379 proceres
594 1317 667 1359 cum
689 1295 832 1380 principe
855 1297 965 1382 nectit,

101 1384 204 1462 Quem
228 1389 342 1468 quater
364 1384 434 1468 ipse
457 1385 550 1471 gerit,
572 1383 716 1468 perfecto
740 1384 856 1451 detulit
879 1407 963 1450 anno

99 1473 323 1557 Deposuitque
347 1495 423 1538 suas
445 1477 478 1537 11
502 1472 690 1538 succedente
714 1473 849 1538 1111111.

101 1561 255 1627 01111111
278 1563 415 1627 virtutes
438 1562 637 1645 fecundaque
660 1563 774 1627 floreat
798 1567 894 1628 actas.

98 1650 243 1738 lngeniis
265 1651 372 1735 patuit
395 1672 527 1735 campus
551 1654 720 1734 certusque
742 1652 880 1719 merenti

100 1741 173 1806 Stat
196 1741 301 1805 favor:
325 1743 459 1806 ornatur
480 1739 621 1824 propriis
643 1739 803 1824 industria
827 1740 928 1806 donis.

100 1828 232 1915 Surgite
255 1829 389 1914 sopitae,
414 1850 493 1912 quas
517 1829 626 1893 obruit
650 1828 803 1915 ambitus,
824 1834 918 1895 artes.

99 1918 158 1984 Nil
180 1918 256 1983 licet
279 1917 427 2003 invidiae,
451 1916 588 1983 Stilicho
613 1917 688 1982 dum
711 1918 868 2002 prospicit
891 1917 963 1982 orbi

101 2007 314 2091 Sidereusque
337 2028 443 2094 gener.
488 2005 565 2073 Non
588 2007 641 2071 hic
663 2006 785 2072 violata
808 2007 938 2092 eurulis,

99 2096 221 2181 Turpia
243 2117 311 2160 non
332 2095 444 2162 Latios
467 2096 628 2160 incestant
649 2095 783 2159 nomina
805 2096 921 2181 fastos3

99 2185 254 2250 Fortibus
277 2185 356 2249 haee
380 2206 531 2251 concesse
553 2184 631 2248 viris
656 2184 798 2267 solisque
821 2184 959 2270 gerenda

100 2274 254 2339 Patribus
278 2278 310 2339 et
332 2273 455 2340 Romae
477 2295 655 2356 numquam
678 2274 784 2337 latura
806 2272 969 2356 pudorem.

166 2362 293 2429 Nuntia
314 2367 465 2448 votorum
489 2363 584 2427 celeri
606 2363 672 2427 iam
694 2361 795 2428 Fama
816 2362 929 2427 volatu

100 2452 246 2516 Moverat
269 2450 394 2519 Aonios
417 2451 528 2517 audito
552 2452 683 2518 consule
706 2452 805 2516 lucos.

102 2541 273 2605 Concinuit
296 2541 375 2606 felix
397 2540 536 2605 Helicon
559 2540 717 2623 fluxitque
740 2538 911 2627 Aganippe

99 2629 237 2716 Largior
260 2633 292 2694 et
315 2630 402 2695 docti
424 2629 566 2695 11111111
588 2628 725 2694 floribus
747 2651 866 2694 amnes.

99 2717 221 2782 Vranic
244 2717 393 2785 redimita
416 2739 532 2804 eomes,
557 2740 620 2802 qua
644 2739 737 2800 saepe
760 2717 917 2804 magistra

100 2807 242 2871 Manlius
265 2806 422 2894 igniferos
445 2807 535 2873 radio
560 2806 772 2890 descripserat
795 2828 881 2892 axes,

100 2895 155 2960 Sic
178 2896 258 2960 alias
281 2895 411 2963 hortata
435 2894 522 2961 deas:

574 2983 785 3068 ‘Patimurne
807 3002 944 3068 sorores,

101 3072 222 3157 Optato
244 3073 359 3158 procul
382 3093 451 3139 1111
475 3072 525 3136 die
547 3094 607 3137 nee
628 3072 741 3137 limina
763 3071 869 3135 nostri

102 3161 253 3228 Consulis
277 3166 309 3227 11
333 3183 457 3246 semper
480 3160 614 3226 dilectas
637 3161 771 3226 visimus
795 3158 911 3223 aedes?

101 3250 235 3337 [Notior
258 3255 313 3316 est.
331 3249 509 3316 Stilichone
533 3250 655 3317 domus.
691 3248 825 3314 (testare
848 3247 989 3332 curules]

100 3341 154 3406 1111
177 3341 280 3404 fasces
305 3339 443 3405 subiisse
466 3339 555 3404 libet.
601 3337 758 3402 Miracula
780 3336 870 3421 plebi
1063 3353 1115 3404 110

102 3429 256 3516 colligite
280 3433 312 3494 et
336 3429 431 3493 claris
453 3449 572 3493 nomen
596 3426 753 3491 celebrate
776 3426 922 3490 theatris.

170 3518 235 3583 ‘Tu
258 3517 345 3583 Iovis
365 3517 514 3600 aequorei
539 3523 750 3581 summersam
770 3514 929 3579 fiuctihus
948 3513 1067 3585 1111111
1193 3538 1196 3542 ·
