2438 3832
93 144 206 216 (XVII.)
224 145 307 200 PAN.
326 144 456 200 DIGTVS
476 145 618 201 MANLIO
637 145 835 202 THEODORO
851 147 1014 203 CONSVLI.
1043 149 1104 212 131

92 307 229 372 Mitibus
254 308 406 393 arbitriiS,
430 312 587 391 quantum
610 309 751 373 bellante
773 309 926 395 Philippo

92 396 221 461 Floruit
245 400 300 461 aut
323 397 409 483 nigri
433 397 546 461 cecidit
570 418 642 460 eum
665 399 754 484 regia
776 399 861 464 Pori.

160 484 222 549 Sed
244 508 311 550 non
333 486 469 549 ulterius
492 489 525 549 11
547 486 696 569 praebuit
719 488 855 552 urbibus
879 489 964 553 aula:

91 574 209 638 Maluit
232 596 301 638 esse
326 597 432 660 suum,
455 575 550 638 terris
574 574 677 638 edicta
700 575 843 662 daturus,

92 662 299 747 Supplicibus
323 685 478 747 responsa
500 663 598 728 renis
646 662 783 728 Oracula
806 666 892 752 regis
1071 683 1104 737 35

91 751 233 835 Eloquio
258 774 383 816 crevere
405 757 473 836 tu0,
495 774 555 816 nec
578 752 706 838 dignius
729 776 883 837 umquam

92 839 245 905 Maiestas
268 841 415 905 meminit
438 863 507 904 sese
529 841 676 906 Romana
698 842 848 907 locutam.

92 929 178 992 Hinc
202 952 309 994 sacrae
332 930 527 994 mandantur
550 951 627 1014 opes
652 931 803 1015 orbisque
826 931 950 996 tributa

91 1017 247 1104 Possessi,
270 1018 426 1102 quidquid
448 1019 555 1083 fluviis
579 1020 739 1084 evolvitur
762 1021 841 1105 auri,

92 1106 254 1190 Quidquid
275 1108 347 1171 luce
369 1106 484 1192 procul
505 1129 603 1171 renas
626 1108 743 1172 rimata
765 1131 917 1192 sequaces
1070 1127 1104 1176 40

90 1194 212 1260 Abdita
234 1196 387 1279 pallentis
410 1197 493 1260 fodit
517 1196 661 1261 sollertia
683 1196 784 1262 Bessi.

157 1284 206 1349 Ac
228 1285 317 1349 velut
341 1289 469 1349 exertus
492 1285 653 1349 lentandis
675 1285 785 1350 navita
808 1287 912 1351 tonsis

89 1373 281 1438 Praeficitur
302 1375 397 1438 lateri
421 1378 544 1460 custos3
567 1375 643 1438 hinc
665 1374 764 1440 ardua
787 1397 901 1459 prorae

90 1462 261 1546 Temperat
284 1467 315 1527 et
338 1465 456 1527 fluctus
480 1467 751 1547 tempestatesque
774 1465 900 1528 futuras

89 1550 227 1636 Edocet3
251 1552 384 1617 adsiduo
409 1574 481 1616 cum
503 1552 626 1617 Dorida
649 1553 762 1617 vicerit
784 1575 855 1639 usu,
1068 1571 1103 1621 45

88 1638 158 1704 Iam
182 1641 308 1705 olavum
329 1645 497 1725 totamque
521 1642 609 1706 subit
632 1646 782 1725 torquere
805 1642 959 1707 carinam:

91 1728 144 1793 Sic
167 1751 239 1793 cum
263 1730 349 1794 clara
372 1730 428 1795 diu
450 1730 568 1795 mentis
592 1730 784 1794 documenta
807 1730 957 1815 dedisses,

88 1816 166 1883 Non
188 1823 221 1882 te
243 1824 335 1903 parte
359 1819 418 1904 sui,
442 1819 554 1883 sedin
577 1819 664 1883 omni
688 1841 820 1903 corpore
844 1820 982 1902 sumpsit

89 1905 264 1991 Imperium
288 1912 465 1991 cunctaque
489 1907 576 1972 dedit
598 1908 714 1971 tellure
737 1908 894 1994 regendos

89 1995 252 2060 Rectores.
298 1996 445 2080 Hispana
468 1996 530 2059 tibi
554 1994 775 2079 Germanaque
799 1996 920 2080 Tethys
1069 2016 1103 2064 50

88 2083 203 2148 Paruit
226 2088 257 2148 et
279 2089 393 2149 nostro
417 2085 547 2148 diducta
569 2083 738 2148 Britannia
760 2085 889 2171 mundo,

88 2172 289 2257 Diversoque
311 2178 385 2238 tuas
409 2174 578 2237 coluerunt
600 2173 730 2259 gurgite
752 2194 847 2237 voces

87 2262 210 2326 Lentus
233 2261 317 2327 Arar
339 2262 580 2345 Rhodanusque
603 2262 694 2325 ferox
718 2265 750 2325 11
773 2262 861 2326 dives
884 2261 1034 2329 Hiberus.

89 2350 116 2415 Ο
142 2351 290 2434 quotiens
313 2351 417 2416 doluit
439 2351 582 2436 Rhenus,
606 2373 669 2434 qua
691 2350 850 2415 barbarus
872 2351 951 2438 ibat,

90 2439 183 2515 Quod
205 2444 238 2504 te
260 2461 327 2504 non
350 2440 487 2527 geminis
511 2440 671 2503 frueretur
694 2440 798 2505 iudice
821 2440 914 2524 ripis!
1068 2459 1102 2508 55

88 2527 194 2592 Vnius
217 2530 255 2593 fit
279 2551 355 2593 cura
377 2528 448 2614 viri,
471 2528 694 2612 quodcumque
717 2529 860 2593 rubescit

89 2615 221 2702 Occasu,
245 2617 468 2701 quodcumque
492 2617 559 2681 dies
583 2616 733 2682 devexior
755 2617 866 2683 ambit.

156 2705 235 2769 Tam
260 2706 344 2770 celer
367 2706 517 2770 adsiduos
541 2707 682 2790 explerit
706 2728 818 2771 cursus
842 2707 995 2794 honores3

86 2793 161 2858 Vna
183 2798 383 2878 potestatum
407 2794 520 2878 spatiis
543 2795 692 2859 interfuit
715 2799 803 2859 aetas

88 2882 215 2967 Totque
238 2884 357 2970 gradus
380 2883 440 2947 fati
462 2884 657 2948 iuvenilibus
680 2883 793 2948 intulit
816 2885 918 2950 annia.
1066 2903 1102 2952 60

86 2971 265 3056 Postquam
287 2977 382 3056 parta
405 2972 496 3055 quies
519 2977 551 3036 et
575 2995 736 3036 summum
758 2976 854 3036 nacta
878 2995 1029 3038 cacumen

85 3059 156 3125 Iam
180 3083 291 3125 secura
313 3060 396 3145 pet't
417 3061 580 3144 privatum
603 3061 708 3147 gloria
729 3064 870 3146 portum,

86 3149 214 3237 Ingenii
236 3149 370 3214 redeunt
393 3148 518 3214 fructus
541 3150 660 3233 aliique
683 3148 821 3235 labores

86 3238 132 3303 Et
155 3239 240 3303 vitae
263 3261 338 3323 pars
360 3239 452 3302 nulla
474 3238 570 3323 perit:
595 3238 818 3322 quodcumque
841 3239 960 3303 recedit

85 3327 225 3413 Litibus,
246 3327 405 3391 incumbit
429 3328 554 3415 studiis,
576 3327 766 3411 animusque
789 3327 931 3391 vicissim
1066 3344 1100 3395 65

85 3415 154 3481 Α11
178 3438 287 3480 curam
310 3416 449 3500 imponit
470 3417 601 3502 populis
624 3420 680 3480 aut
704 3417 771 3480 otia
793 3414 906 3481 Musis.

87 3503 203 3570 Omnia
227 3504 399 3589 Cecropiae
422 3506 538 3593 relegis
562 3510 684 3571 secreta
705 3509 855 3570 senectae

867 3610 907 3664 q*
