2438 3832
113 163 180 228 282
440 161 585 217 CLAVDII
603 160 801 217 CLAVDIANI

112 326 339 410 Abreptasque
363 325 450 390 dolet
473 325 538 389 iam
560 346 627 388 non
650 324 713 388 sibi
737 345 877 388 crescere
900 324 1008 390 fibras.

182 414 311 481 Oblitae
335 416 491 479 scelerum
514 413 741 498 formidatique
764 413 884 477 furoris

112 504 309 569 Eumenides
333 507 456 568 cratera
479 507 595 587 parant
620 506 651 567 et
674 503 749 567 vina
772 502 872 567 feroci

114 593 211 658 Crine
234 593 352 658 bibunt
375 593 531 676 flexisque
553 591 651 656 minis
675 591 834 656 1511115115
858 597 1007 657 canentes
1079 610 1134 660 345
1158 644 1161 649 <

111 682 304 747 Extendunt
327 682 433 746 socios
457 681 635 766 5111155515
657 681 753 765 plena
776 685 916 745 cerastas

115 771 161 835 nt
185 772 285 836 festas
309 772 373 835 5115
397 770 594 835 succendunt
617 771 738 834 lumine
761 770 881 836 taedas.

114 859 206 924 Tunc
229 864 260 924 et
282 860 429 944 pestiferi
451 863 606 944 pacatum
624 860 744 923 flumen
766 857 888 924 Averni
909 901 912 904 -

111 947 276 1014 Innocuae
298 949 476 1034 transistis,
500 971 588 1034 aves,
610 949 787 1032 flatumque
810 949 964 1033 repressit

113 1037 324 1103 Amsanctus:
348 1040 413 1103 fixo
437 1039 538 1103 tacuit
562 1041 705 1107 torrente
727 1057 857 1123 vorago,
1078 1056 1134 1106 355

114 1127 206 1192 Tunc
227 1126 450 1193 Acheronteos
473 1131 599 1191 mutato
623 1127 752 1213 gurgite
775 1126 883 1191 fontes

113 1215 212 1281 Lacte
235 1239 320 1282 novo
343 1217 503 1281 tumuisse
526 1218 648 1301 1515115,
670 1215 861 1298 hederisque
884 1216 1042 1281 virentem

116 1304 263 1390 Cocyton
286 1306 373 1371 dulci
395 1306 566 1390 perhibent
589 1305 727 1369 undasse
749 1304 866 1389 Lyaeo.

111 1393 262 1459 'Stamina
284 1417 343 1459 nec
366 1395 489 1479 rumpit
510 1393 678 1478 Lachesis3
700 1416 760 1458 nec
782 1394 912 1458 turbida
936 1395 1035 1482 sacris

115 1481 340 1567 Obstrepitant
363 1484 504 1547 lamenta
528 1484 643 1547 choris,
679 1483 769 1547 Mors
791 1483 882 1547 nulla
905 1487 1043 1570 vagatur
1079 1501 1134 1551 355

115 1571 287 1658 interris,
309 1572 457 1655 nullique
480 1594 597 1658 rogum
619 1572 771 1656 planxere
794 1577 952 1656 parentes.

112 1660 234 1726 Navita
256 1683 324 1725 non
345 1661 483 1725 moritur
505 1662 620 1747 fluctu,
642 1683 709 1725 non
732 1661 862 1745 cuspide
885 1661 990 1748 miles3

115 1748 242 1834 Oppida
264 1751 388 1814 funerei
410 1750 535 1834 pollent
558 1750 703 1814 inmunia
725 1750 797 1836 leti,

27 1897 34 1901 .
114 1837 343 1924 impexamque
366 1862 463 1904 senex
486 1840 606 1904 velavit
629 1839 808 1903 harimdine
830 1840 972 1904 frontem

114 1927 261 1992 Portitor
284 1933 316 1992 et
339 1951 458 1993 vacuos
481 1929 548 2015 egit
572 1951 645 1993 cum
668 1929 807 1993 carmine
830 1951 944 1994 remos.
1081 1947 1135 1998 355

72 2061 76 2068 -
181 2015 251 2081 Iam
275 2039 352 2080 suus
375 2017 502 2082 inferno
525 2021 725 2102 processerat
748 2017 913 2102 Hesperus
938 2017 1022 2082 orbi:

114 2105 254 2170 Ducitur
276 2106 311 2170 in
333 2107 513 2171 thalamum
536 2107 637 2193 virgo.
675 2106 747 2171 Stat
770 2107 919 2191 pronuba
941 2107 1032 2172 iuxta

115 2192 290 2259 Stellantes
312 2195 389 2260 Nox
411 2196 499 2280 picta
523 2196 612 2260 sinus
635 2200 837 2283 tangensque
860 2196 965 2261 cubile

115 2282 231 2348 Omina
252 2289 409 2368 perpetuo
432 2285 588 2372 genitalia
610 2286 737 2350 foedere
760 2285 878 2372 sancit3

113 2372 275 2437 Exultant
298 2396 371 2438 cum
393 2396 471 2439 voce
493 2374 540 2458 pii
562 2374 714 2458 Ditisque
738 2375 798 2446 sub
822 2376 896 2439 aula
942 2387 944 2393 ’
1080 2393 1133 2442 355

114 2460 206 2526 Talia
228 2462 379 2548 pervigili
403 2468 535 2528 sumunt
559 2464 689 2528 exordia
710 2465 842 2549 plausu:
909 2488 913 2499 ·

182 2550 317 2615 ‘Nostra
339 2555 455 2635 potens
477 2550 560 2617 Iuno
583 2557 684 2637 tuque
708 2575 726 2617 o
750 2575 901 2639 germane
925 2552 1082 2617 Tonantis
1162 2608 1166 2613 .

27 2691 32 2702 .
114 2638 159 2703 Et
182 2662 294 2726 gener,
316 2641 462 2705 unanimi
486 2642 648 2706 consortia
672 2642 785 2706 discite
808 2641 914 2707 somni

48 2728 50 2732 '
114 2727 293 2813 Mutuaque
317 2730 450 2795 alternis
473 2730 627 2795 innectite
649 2735 726 2796 vota
749 2731 887 2797 lacertis

113 2815 184 2882 Iam
206 2819 285 2883 felix
308 2820 412 2884 oritur
434 2821 555 2906 proles3
578 2819 644 2885 iam
666 2821 752 2885 15555
774 2821 903 2885 futuros
1079 2838 1133 2887 355

114 2906 275 2991 Expectat
297 2908 424 2973 Natura
448 2910 532 2974 deos,
569 2909 819 2974 Nova-numina
842 2910 939 2974 rebus

111 2994 233 3061 Addita
256 3001 288 3061 et
312 3002 442 3082 optatos
467 2998 574 3064 Cereri
596 2999 739 3083 proferte
761 2999 917 3083 nepotes?
