2438 3832
102 155 146 221 48
427 155 574 213 cerveli
592 156 792 213 curvamur

102 316 176 384 Vna
199 318 313 384 domus
336 320 457 384 totiens
480 342 543 384 una
567 320 605 384 de
627 325 724 408 gente
746 321 932 404 triumphet.
1064 339 1116 387 345

101 406 145 472 Di
168 407 257 493 bene,
280 407 367 492 quod
389 408 489 472 tantis
511 409 782 474 interlabentibus
805 409 898 473 annis

102 494 227 562 Servati
250 495 441 581 Firmusque
464 497 544 562 mihi
567 498 730 582 fraterque
752 497 885 582 nepoti?

102 583 194 650 Dixit
218 589 250 650 et
273 585 410 650 adflatus
433 586 539 650 vicino
563 587 631 651 sole
653 588 784 674 refugit.
958 668 961 671 Δ

168 671 213 738 At
236 674 384 739 iuuenem
408 674 549 739 stimulis
571 676 756 740 inmanibus
779 675 905 739 aemula
927 676 1030 739 virtus
1084 740 1093 750 ,

100 760 254 850 Exacuit3
276 764 341 828 iam
363 785 470 848 puppe
493 764 575 850 vehi,
598 765 664 829 iam
687 769 803 852 stagna
826 785 932 827 secare
1062 781 1114 830 350

100 848 216 917 Fervet
239 855 271 916 et
294 852 443 917 absentes
466 853 615 918 invadere
638 853 768 938 cuspide
791 851 932 917 Mauros,

101 937 184 1004 'l'um
207 939 297 1005 iubet
320 941 416 1006 acciri
439 963 585 1006 socerum
609 943 817 1026 dextramque
839 944 955 1005 vocato

102 1026 250 1094 Senserit
274 1033 315 1114 et,
339 1051 419 1114 quae
443 1029 486 1094 sit
508 1031 617 1114 potior
640 1032 809 1116 sententia,
833 1030 971 1114 quaerit:

169 1116 246 1182 ‘Per
269 1140 399 1183 somnos
423 1119 512 1206 mihi,
540 1124 649 1185 sancte
671 1124 773 1206 pater,
799 1120 864 1183 iam
888 1141 981 1203 saepe
1004 1119 1115 1184 sutura

99 1203 290 1271 Panduntur
312 1206 496 1292 multaeque
520 1214 639 1274 canunt
660 1209 829 1295 praesagia
850 1212 970 1272 noctes.
1061 1226 1112 1274 355

99 1292 248 1379 Namque
270 1296 385 1380 procul
406 1296 546 1381 Libycos
569 1300 687 1361 venatu
711 1298 838 1382 cingere
862 1296 965 1361 saltus

99 1381 144 1448 Et
167 1383 201 1448 iu
226 1407 244 1448 a
267 1384 377 1448 rimari
400 1385 534 1449 canibus
558 1383 694 1450 Gaetula
717 1385 856 1449 videbar.

98 1406 264 1537 Maerebat
288 1473 377 1560 regio
401 1473 488 1537 saevi
510 1477 637 1538 vastata
659 1473 763 1538 leonis

97 1558 247 1648 Incursu3
269 1561 427 1646 pecudum
451 1565 519 1626 stra
542 1583 576 1626 es
598 1563 783 1646 passimque
805 1562 931 1627 iuvenci

99 1647 279 1714 Semineces
303 1653 335 1714 et
358 1649 493 1715 adhuc'
534 1654 604 1715 ecta
626 1651 766 1735 mapalia
788 1651 866 1715 tabo
1061 1668 1113 1715 360

100 1737 282 1823 Sparsaque
306 1739 491 1891 sanguineis
514 1743 682 1823 pastorum
704 1740 817 1804 funera
841 1739 969 1823 campis.

98 1826 280 1915 Adgredior
302 1827 367 1893 lete
391 1849 443 1891 ras
466 1828 605 1892 monstri
627 1829 808 1911 mirumque
830 1829 934 1892 relatu

100 1915 284 2000 Conspicio:
309 1915 453 2000 dilapsus
475 1916 589 2002 honos,
615 1917 735 1981 cervice
758 1918 898 1982 minaces

98 2003 267 2069 Defluxere
290 2005 398 2089 iubae3
421 2004 541 2070 fractos
564 2006 723 2092 inglorius
746 2027 853 2071 armos

99 2090 277 2176 Supposuit
301 2092 414 2158 seruile
437 2115 568 2180 gemens
591 2095 772 2178 iniectaque
794 2093 900 2158 vincla
1059 2110 1110 2157 365

98 2179 271 2268 Vnguibus
294 2186 326 2246 et
349 2182 475 2246 subitae
498 2183 582 2247 eollo
606 2204 741 2247 sonuere
764 2186 902 2247 catenae.

98 2266 193 2335 Nunc
217 2270 314 2335 etiam
335 2271 469 2355 paribus
493 2292 600 2335 secum
623 2274 744 2335 certare
766 2271 909 2354 tropaeis

99 2357 257 2424 Hortatur
279 2380 330 2424 me
354 2359 442 2445 cogit
464 2381 551 2423 avus.
599 2358 745 2437 Quonam
767 2381 870 2442 usque
893 2358 1009 2422 remoti

100 2446 317 2513 (lunatamur‘l
353 2447 470 2512 Docuit
492 2448 617 2532 pridem
639 2447 799 2532 complere
822 2447 960 2512 biremes

97 2533 144 2602 nt
167 2535 272 2623 pelagi
297 2557 447 2620 superare
469 2559 585 2602 moras.
631 2536 863 2601 Transmittere
885 2536 1009 2621 primus
1060 2553 1111 2600 370

97 2620 113 2691 I
138 2645 171 2690 se
194 2647 286 2710 par03
310 2647 529 2709 quascumque
551 2647 623 2690 meo
646 2647 726 2712 gens
748 2625 887 2689 barbara
908 2629 990 2688 nutu

123 2713 287 2802 tangitur,
310 2714 470 2779 adveniat:
498 2713 669 2780 Germania
692 2718 807 2779 cuncta
829 2714 952 2778 ferabir

96 2798 245 2869 Navibus
269 2806 301 2867 et
324 2803 411 2868 socia
434 2804 628 2868 comitentur
651 2803 753 2867 classe
776 2801 821 2887 Sy
897 2802 956 2866 bri.

96 2884 223 2957 Pallida
246 2892 439 2957 translatum
462 2893 526 2956 iam
550 2891 669 2955 sentiat
691 2889 803 2956 Africa
878 2912 981 2955 enum.

97 2975 151 3046 An
174 2981 280 3066 patiar
302 2985 353 3045 tot
375 2981 495 3065 probra
518 2980 631 3045 sedens
653 2980 841 3063 iuvenisque
860 2980 1039 3062 relinquam
1059 2995 1110 3043 375

99 3065 187 3146 Quae
211 3070 299 3134 tenui
323 3070 454 3154 rexique
477 3070 578 3154 puer?
614 3069 672 3133 Bis
694 3072 805 3133 noster
828 3067 868 3131 ad
890 3066 990 3152 Alpes

98 3152 244 3224 Alterius
267 3157 584 3312 {enitorqdefansum
607 3179 707 3261 regna
730 3157 878 3258 cucurrit.

98 3241 169 3311 Nos
193 3269 268 3331 prae
291 3269 328 3312 aa
350 3246 461 3311 facrles
483 3246 724 3329 insultandique
746 3244 925 3309 lucemusl'

167 3334 314 3401 linierat.
361 3333 499 3400 Stilicho
522 3339 635 3399 contra
657 3334 709 3398 cui
732 3333 811 3397 talia
834 3333 950 3398 reddit:

99 3418 288 3490 ‘determine
311 3424 423 3489 tubam
446 3424 595 3509 princeps
617 3422 791 3510 dignabere
814 3422 943 3487 Mami?
1058 3439 1111 3489 380

94 3507 229 3576 ‘aleret
247 3514 393 3597 ignarus
415 3513 493 3580 clari
517 3513 639 3579 solacia
661 3511 728 3598 leti,
