2438 3832
432 158 599 213 οεααιαε
618 157 771 214 ασκεω.
965 133 967 141 '
1042 160 1107 223 313

95 319 222 405 πλέγμα
236 324 351 407 κόρυν,
366 322 449 407 δόρυ
464 323 575 406 μαζόν,
594 321 706 407 ὀφρῦν
719 319 824 404 βέλος,
838 320 962 386 ἀσπίδα
980 322 1110 406 κάλλος,

95 410 179 474 ὅπλα
202 407 298 494 μέλη,
321 407 508 495 θέλγητρον
531 408 568 474 έν
591 411 738 491 ἀλγεσιν·
762 411 793 474 εί
815 408 854 474 δέ
874 433 924 487 τις
947 411 1029 496 αὐτῇ

95 500 183 583 όμμα
206 498 317 582 βάλοι,
342 497 498 583 δέδμητο,
520 496 616 582 βέλος
639 496 671 562 δ’
692 498 756 563 ἀπὸ
779 500 887 584 χειρὸς
911 498 1009 575 έάσας

95 585 278 672 ὡς”Αρεως
300 589 399 674 αἰχμή
423 595 462 672 τή
485 588 658 672 Κύπριδος
680 589 800 652 ὅλλυτο
823 597 945 673 μορφή.

162 674 229 740 Καὶ
247 677 306 741 τὸν
325 672 385 761 μὲν
403 675 554 742 θανάτου
573 673 676 760 νέφος
694 674 824 741 έννυεν·
844 675 927 742 ἀλλά
952 679 1111 762 Τυφωεὺς

96 761 182 851 ὦρτο
206 765 441 841 Ποσειδάωνος
464 764 611 829 ἐναντία·
634 773 694 829 τοῦ
718 761 755 829 δὲ
777 768 909 852 τριαίνη
1077 781 1111 832 66

98 852 218 939 στέρνα
243 853 455 937 Ποσειδάων,
480 855 564 930 Ζεὺς
587 850 618 917 δ’
639 854 740 936 ήλασε
762 863 866 940 κρᾶτα
888 863 1048 942 κεραυνῷ.

160 940 354 1024 Ἐγκέλαδος
372 940 403 1007 δ’
424 943 464 1007 ού
483 947 562 1026 λήγε
580 941 695 1026 μάχης,
718 941 782 1007 ἀνά
806 941 837 1017 δῖ
858 943 984 1029 ήρπασε
1006 951 1112 1027 νήσον

96 1031 276 1117 πρόρριζον
298 1029 472 1096 πολέεσσιν
495 1029 708 1116 ἑρειδομένην
731 1028 874 1117 ὀρέεσσι,

98 1119 191 1185 δεινὰ
214 1117 246 1183 δ’
268 1119 445 1201 ἀπειλήσας
470 1120 578 1201 Ζηνὸς
599 1118 774 1184 κατέναντι
796 1122 942 1204 βεβήκει,
1078 1138 1112 1188 60

97 1216 212 1273 στεῦτο
236 1204 273 1272 δὲ
295 1219 394 1290 γαῖαν
418 1209 499 1292 ὅλην
522 1204 583 1292 μὲν
606 1206 787 1294 ἀναρρῆξαι
809 1209 995 1293 κενεώνων,

97 1298 202 1382 ἀστρα
225 1293 262 1361 δέ
285 1304 457 1380 συγχεῦαι,
483 1297 591 1379 Ζηνὸς
614 1292 651 1360 δέ
673 1295 843 1383 μέλαθρον
867 1297 1016 1383 έρύσσαι·

97 1397 170 1450 τοία
194 1382 224 1449 δ’
247 1384 425 1469 ἀπηπείλει.
467 1393 512 1473 τῷ
537 1381 573 1449 δὲ
596 1383 718 1462 σθένος
741 1387 847 1472 ὤρορε
869 1388 975 1472 μήτηρ

97 1471 179 1559 ήμὲν
202 1472 408 1559 ἀνασχομένη
432 1477 554 1559 φόνιον
575 1472 685 1558 βέλος,
708 1475 821 1558 ἠελίου
844 1497 879 1540 τε

97 1572 198 1647 νήσος
221 1562 422 1649 ἀνερχομένη
446 1566 580 1629 σκίασεν
603 1563 703 1648 φάος,
727 1563 763 1628 ἐν
787 1561 825 1628 δέ
845 1587 880 1628 τε
902 1566 993 1652 νήσφ
1080 1581 1113 1630 65

100 1651 240 1737 δένδρεα
262 1650 318 1716 καὶ
340 1651 482 1736 ποταμοὶ
504 1650 608 1737 θῆρές
630 1650 660 1716 τ’
682 1655 761 1716 ἔσαν
784 1651 919 1738 ὄρνιθές
942 1677 985 1717 τε.

99 1737 155 1805 καὶ
178 1737 246 1803 τότ’
268 1741 392 1804 ἀνακτα
415 1746 506 1805 θεῶν
529 1742 626 1824 χόλος
650 1741 789 1816 ἀσπετος
812 1740 1015 1824 ἐστυφέλιξε·

100 1827 198 1914 ρήξεν
221 1827 284 1914 γάρ
308 1829 457 1913 τετνφὼς
479 1826 620 1913 νεφέλας
643 1829 706 1893 σὺν
730 1839 799 1905 τοίς
821 1852 856 1893 τε
878 1841 1053 1914 κεραυνοῖς

101 1916 281 2001 ἀσβέστους
303 1919 487 2002 πνρόεντας
510 1914 559 1981 ἐπ’
582 1914 765 2004 Ἐιγκελάδςο
788 1915 861 2001 χέεν
885 1919 1031 2002 ὄμβρους

101 2004 210 2094 (ήθελ’
233 2002 463 2092 ἀμαλδύνειν)·
487 2004 505 2070 ὁ
529 2001 566 2069 δέ
589 2008 754 2089 μεσσόθεν
777 2009 897 2092 ἔνθορε
920 2009 1044 2072 πόντου
1080 2023 1113 2072 ‘10

102 2097 295 2179 αἰθόμενος,
318 2105 364 2182 τῷ
388 2091 419 2158 δ’
441 2090 526 2179 ἀμφὶ
549 2095 756 2179 περιζείονσα
779 2094 933 2159 θάλασσα

102 2185 214 2249 δεινὸν
236 2183 441 2268 παφλάζεσκε
463 2180 634 2267 κυκωμένη
659 2181 704 2258 ὡς
725 2181 801 2268 περὶ
826 2185 950 2268 Θήρας·

101 2268 180 2337 οὐδὲ
203 2275 360 2358 Κρονίων
383 2277 476 2355 λήγε,
500 2273 688 2354 Λυκαονίης
712 2268 743 2333 δ’
765 2269 828 2335 ἀπὸ
852 2274 947 2354 γαίης

101 2359 222 2446 πέτρον
245 2359 432 2446 ἀπορρήξας
454 2360 540 2447 ὀλοῷ
565 2358 704 2442 ἐπέθηκε
726 2362 858 2442 γίγαντι

102 2451 220 2533 ἀσχετα
243 2450 403 2534 μηνιόων·
428 2446 481 2513 ἐπὶ
504 2445 535 2513 δ’
556 2448 646 2536 αύτῷ
669 2456 770 2532 νήσος
793 2449 948 2534 όρονσεν,
1079 2464 1113 2516 76

102 2538 144 2621 ἣν
168 2537 267 2615 αὐτὸς
289 2534 450 2623 προέηκεν
473 2536 506 2614 ἐς
529 2536 687 2623 ούρανόν·
712 2536 915 2624 [ἀμφότερον
939 2534 976 2603 δὲ

102 2627 157 2693 καὶ
179 2626 261 2714 πυρὶ
283 2625 339 2692 καὶ
360 2628 472 2715 νούσῳ
495 2628 676 2712 στυγερούς
698 2629 845 2713 τείρουσι
867 2627 1048 2711 γίγαντας]

192 2825 225 2873 66
252 2817 351 2874 ένννεν
388 2819 538 2887 Ιναάινόολς
566 2817 670 2873 ἔντυεν.
754 2824 787 2872 57
815 2819 884 2880 Ζεὺς
909 2816 953 2889 δ’]
980 2818 1118 2890 Koechly,-

105 2890 181 2951 Ζεὺς.
255 2898 344 2959 κρᾶτα
384 2891 471 2959 ι’ἀινι,·
499 2888 596 2958 κάρτα,
679 2895 712 2943 62
741 2887 841 2960 ἄστρα]
870 2889 1010 2961 Κοοοίιῑγ,·
1039 2888 1115 2943 ἀστν.

105 2966 137 3014 63
161 2968 224 3013 τοῖα
243 2958 271 3015 δ’
292 2956 452 3032 ἀντηπείλει]
475 2961 561 3028 ι’ἀονις
583 2959 647 3016 τοιδι
666 2957 697 3013 δὲ
718 2956 868 3028 ἐπηπείλει.
943 2965 976 3016 64
1001 2956 1116 3031 φόνιον]

104 3032 233 3099 Schenkl,-
251 3028 372 3101 φοίνιον.
429 3037 463 3086 66
482 3028 608 3103 σκίασεν]
628 3027 731 3085 οιιίαοε.
788 3035 821 3085 68
839 3031 975 3102 τετυφὼς]
992 3031 1118 3098 Βίνίίιιες

105 3121 134 3156 τε
158 3101 253 3170 πυρὸς.
318 3108 352 3157 69
376 3100 544 3173 πνρόεντας]
564 3102 701 3171 Κοιολιλγ,·
718 3097 877 3169 πνρόεντος.
944 3107 977 3156 70
1002 3100 1116 3173 ἔνθορε]

104 3175 191 3240 ι’ἀωιι,·
211 3171 321 3240 ἔκθορε.
395 3181 428 3227 ⁷2
448 3174 484 3236 ὡς
501 3173 566 3241 περλ
586 3171 693 3242 Θήρας]
713 3172 910 3240 Βαοολιελεναες
932 3172 998 3239 περὶ
1015 3175 1117 3241 θῆρας.

105 3250 138 3298 73
158 3241 185 3297 δ’
207 3243 277 3315 ἀπὸ]
297 3244 434 3317 Κοιολιίμ,·
452 3244 517 3298 ἀπὸ.
592 3250 626 3299 74
641 3240 758 3314 πέτρον]
777 3240 890 3311 πέτραν.
964 3247 998 3298 76
1019 3242 1116 3314 νῆσος]

106 3315 245 3386 Καβύης
263 3322 370 3378 νοῦσος.
445 3322 478 3369 76
498 3314 675 3385 ἐς]1νι”ανίο,·
695 3314 733 3377 εἰς
751 3313 808 3369 τόν.
