<?xml version="1.0" encoding="UTF-8"?>
<!DOCTYPE html PUBLIC "-//W3C//DTD XHTML 1.0 Transitional//EN"
    "http://www.w3.org/TR/xhtml1/DTD/xhtml1-transitional.dtd">
<html xmlns="http://www.w3.org/1999/xhtml" xml:lang="en" lang="en">
 <head>
  <title>
</title>
<meta http-equiv="Content-Type" content="text/html;charset=utf-8" />
  <meta name='ocr-system' content='tesseract 3.04.00' />
  <meta name='ocr-capabilities' content='ocr_page ocr_carea ocr_par ocr_line ocrx_word'/>
</head>
<body>
  <div class='ocr_page' id='page_1' title='image "./claudiiclaudian05claugoog_0061.png"; bbox 0 0 2438 3832; ppageno 0'>
   <div class='ocr_carea' id='block_1_1' title="bbox 96 153 846 210">
    <p class='ocr_par' dir='ltr' id='par_1_1' title="bbox 96 153 846 210">
     <span class='ocr_line' id='line_1_1' title="bbox 96 153 846 210; baseline -0.001 -1"><span class='ocrx_word' id='word_1_1' title='bbox 96 153 162 209; x_wconf 90' lang='lat' dir='ltr'>LVI</span> <span class='ocrx_word' id='word_1_2' title='bbox 368 153 651 209; x_wconf 83' lang='lat' dir='ltr'>ADNOTATIONES</span> <span class='ocrx_word' id='word_1_3' title='bbox 671 153 846 210; x_wconf 78' lang='lat' dir='ltr'>CRITICAE.</span> 
     </span>
    </p>
   </div>
   <div class='ocr_carea' id='block_1_2' title="bbox 100 312 1122 1735">
    <p class='ocr_par' dir='ltr' id='par_1_2' title="bbox 100 312 1122 1735">
     <span class='ocr_line' id='line_1_2' title="bbox 170 312 1119 383; baseline 0.001 -17"><span class='ocrx_word' id='word_1_4' title='bbox 170 330 242 382; x_wconf 86' lang='lat' dir='ltr'>quae</span> <span class='ocrx_word' id='word_1_5' title='bbox 262 312 392 382; x_wconf 81' lang='lat' dir='ltr'><strong>exposuit</strong></span> <span class='ocrx_word' id='word_1_6' title='bbox 404 313 511 368; x_wconf 79' lang='lat' dir='ltr'>Bittius</span> <span class='ocrx_word' id='word_1_7' title='bbox 530 313 559 366; x_wconf 89' lang='lat' dir='ltr'>in</span> <span class='ocrx_word' id='word_1_8' title='bbox 573 313 662 382; x_wconf 86' lang='lat' dir='ltr'>praef.</span> <span class='ocrx_word' id='word_1_9' title='bbox 681 332 708 383; x_wconf 89' lang='lat' dir='ltr'>p.</span> <span class='ocrx_word' id='word_1_10' title='bbox 724 314 815 383; x_wconf 79' lang='lat' dir='ltr'>CLIV,</span> <span class='ocrx_word' id='word_1_11' title='bbox 834 313 932 383; x_wconf 89' lang='lat' dir='ltr'>utique</span> <span class='ocrx_word' id='word_1_12' title='bbox 946 314 1040 370; x_wconf 87' lang='lat' dir='ltr'>Aetuu</span> <span class='ocrx_word' id='word_1_13' title='bbox 1057 313 1119 368; x_wconf 82' lang='lat' dir='ltr'>sive</span> 
     </span>
     <span class='ocr_line' id='line_1_3' title="bbox 169 384 1120 454; baseline 0.001 -15"><span class='ocrx_word' id='word_1_14' title='bbox 169 385 308 441; x_wconf 82' lang='lat' dir='ltr'>Aetuueuc</span> <span class='ocrx_word' id='word_1_15' title='bbox 317 384 468 440; x_wconf 89' lang='lat' dir='ltr'>lectionem</span> <span class='ocrx_word' id='word_1_16' title='bbox 477 384 658 440; x_wconf 86' lang='lat' dir='ltr'>reficiendam</span> <span class='ocrx_word' id='word_1_17' title='bbox 667 401 834 454; x_wconf 90' lang='lat' dir='ltr'>proponens.</span> <span class='ocrx_word' id='word_1_18' title='bbox 854 384 1120 453; x_wconf 84' lang='lat' dir='ltr'>quodantem1160</span> 
     </span>
     <span class='ocr_line' id='line_1_4' title="bbox 172 455 1120 526; baseline 0.002 -18"><span class='ocrx_word' id='word_1_19' title='bbox 172 472 190 508; x_wconf 88' lang='lat' dir='ltr'>a</span> <span class='ocrx_word' id='word_1_20' title='bbox 205 455 302 510; x_wconf 87' lang='lat' dir='ltr'>codice</span> <span class='ocrx_word' id='word_1_21' title='bbox 317 456 338 508; x_wconf 84' lang='lat' dir='ltr'><strong>F</strong></span> <span class='ocrx_word' id='word_1_22' title='bbox 353 457 413 511; x_wconf 92' lang='lat' dir='ltr'>solo</span> <span class='ocrx_word' id='word_1_23' title='bbox 424 457 553 512; x_wconf 81' lang='lat' dir='ltr'>Heuueos</span> <span class='ocrx_word' id='word_1_24' title='bbox 565 472 615 526; x_wconf 90' lang='lat' dir='ltr'>pro</span> <span class='ocrx_word' id='word_1_25' title='bbox 631 459 766 512; x_wconf 80' lang='lat' dir='ltr'>Aetnaeos</span> <span class='ocrx_word' id='word_1_26' title='bbox 779 455 917 511; x_wconf 84' lang='lat' dir='ltr'>traditum</span> <span class='ocrx_word' id='word_1_27' title='bbox 930 456 1068 526; x_wconf 84' lang='lat' dir='ltr'>videmus,</span> <span class='ocrx_word' id='word_1_28' title='bbox 1088 456 1120 510; x_wconf 87' lang='lat' dir='ltr'>id</span> 
     </span>
     <span class='ocr_line' id='line_1_5' title="bbox 169 526 1120 596; baseline 0.002 -16"><span class='ocrx_word' id='word_1_29' title='bbox 169 526 275 582; x_wconf 90' lang='lat' dir='ltr'>nullius</span> <span class='ocrx_word' id='word_1_30' title='bbox 294 528 430 582; x_wconf 77' lang='lat' dir='ltr'><strong>momenti</strong></span> <span class='ocrx_word' id='word_1_31' title='bbox 448 529 504 596; x_wconf 85' lang='lat' dir='ltr'>est;</span> <span class='ocrx_word' id='word_1_32' title='bbox 528 544 595 582; x_wconf 86' lang='lat' dir='ltr'>nam</span> <span class='ocrx_word' id='word_1_33' title='bbox 618 526 668 580; x_wconf 90' lang='lat' dir='ltr'>illo</span> <span class='ocrx_word' id='word_1_34' title='bbox 691 527 754 581; x_wconf 88' lang='lat' dir='ltr'>loco</span> <span class='ocrx_word' id='word_1_35' title='bbox 774 529 808 581; x_wconf 87' lang='lat' dir='ltr'>de</span> <span class='ocrx_word' id='word_1_36' title='bbox 826 527 920 582; x_wconf 83' lang='lat' dir='ltr'>Aetna</span> <span class='ocrx_word' id='word_1_37' title='bbox 943 531 972 582; x_wconf 95' lang='lat' dir='ltr'>et</span> <span class='ocrx_word' id='word_1_38' title='bbox 996 528 1032 582; x_wconf 88' lang='lat' dir='ltr'>de</span> <span class='ocrx_word' id='word_1_39' title='bbox 1055 527 1120 582; x_wconf 91' lang='lat' dir='ltr'>eius</span> 
     </span>
     <span class='ocr_line' id='line_1_6' title="bbox 169 597 1120 668; baseline 0.002 -17"><span class='ocrx_word' id='word_1_40' title='bbox 169 599 285 668; x_wconf 82' lang='lat' dir='ltr'>regione</span> <span class='ocrx_word' id='word_1_41' title='bbox 314 616 398 668; x_wconf 83' lang='lat' dir='ltr'>agere</span> <span class='ocrx_word' id='word_1_42' title='bbox 426 601 542 668; x_wconf 83' lang='lat' dir='ltr'>poetam</span> <span class='ocrx_word' id='word_1_43' title='bbox 564 598 595 651; x_wconf 92' lang='lat' dir='ltr'>in</span> <span class='ocrx_word' id='word_1_44' title='bbox 616 597 767 667; x_wconf 87' lang='lat' dir='ltr'>propatulo</span> <span class='ocrx_word' id='word_1_45' title='bbox 791 603 843 654; x_wconf 89' lang='lat' dir='ltr'>est.</span> <span class='ocrx_word' id='word_1_46' title='bbox 882 598 1004 668; x_wconf 88' lang='lat' dir='ltr'>denique</span> <span class='ocrx_word' id='word_1_47' title='bbox 1026 598 1120 668; x_wconf 90' lang='lat' dir='ltr'>prius-</span> 
     </span>
     <span class='ocr_line' id='line_1_7' title="bbox 168 667 1120 740; baseline 0 -18"><span class='ocrx_word' id='word_1_48' title='bbox 168 686 254 738; x_wconf 90' lang='lat' dir='ltr'>quam</span> <span class='ocrx_word' id='word_1_49' title='bbox 271 667 355 724; x_wconf 88' lang='lat' dir='ltr'>huius</span> <span class='ocrx_word' id='word_1_50' title='bbox 374 668 580 738; x_wconf 76' lang='lat' dir='ltr'>disquisitionis</span> <span class='ocrx_word' id='word_1_51' title='bbox 600 668 684 722; x_wconf 92' lang='lat' dir='ltr'>finem</span> <span class='ocrx_word' id='word_1_52' title='bbox 703 669 814 740; x_wconf 80' lang='lat' dir='ltr'>faciam,</span> <span class='ocrx_word' id='word_1_53' title='bbox 834 687 891 739; x_wconf 90' lang='lat' dir='ltr'>qua</span> <span class='ocrx_word' id='word_1_54' title='bbox 908 687 938 725; x_wconf 91' lang='lat' dir='ltr'>re</span> <span class='ocrx_word' id='word_1_55' title='bbox 957 671 1028 725; x_wconf 87' lang='lat' dir='ltr'>haec</span> <span class='ocrx_word' id='word_1_56' title='bbox 1042 669 1120 725; x_wconf 88' lang='lat' dir='ltr'>inter</span> 
     </span>
     <span class='ocr_line' id='line_1_8' title="bbox 168 738 1121 811; baseline -0.003 -14"><span class='ocrx_word' id='word_1_57' title='bbox 168 740 262 797; x_wconf 84' lang='lat' dir='ltr'>varias</span> <span class='ocrx_word' id='word_1_58' title='bbox 286 740 422 796; x_wconf 87' lang='lat' dir='ltr'>lectiones</span> <span class='ocrx_word' id='word_1_59' title='bbox 450 739 626 794; x_wconf 87' lang='lat' dir='ltr'>diiudicandi</span> <span class='ocrx_word' id='word_1_60' title='bbox 654 738 806 795; x_wconf 88' lang='lat' dir='ltr'>difficultas</span> <span class='ocrx_word' id='word_1_61' title='bbox 829 757 893 796; x_wconf 88' lang='lat' dir='ltr'>mea</span> <span class='ocrx_word' id='word_1_62' title='bbox 916 741 1031 811; x_wconf 89' lang='lat' dir='ltr'>quidem</span> <span class='ocrx_word' id='word_1_63' title='bbox 1055 759 1121 796; x_wconf 87' lang='lat' dir='ltr'>sen-</span> 
     </span>
     <span class='ocr_line' id='line_1_9' title="bbox 169 810 1119 881; baseline 0.002 -17"><span class='ocrx_word' id='word_1_64' title='bbox 169 811 261 865; x_wconf 89' lang='lat' dir='ltr'>tentia</span> <span class='ocrx_word' id='word_1_65' title='bbox 280 814 430 881; x_wconf 79' lang='lat' dir='ltr'>augeatur,</span> <span class='ocrx_word' id='word_1_66' title='bbox 456 829 513 865; x_wconf 91' lang='lat' dir='ltr'>non</span> <span class='ocrx_word' id='word_1_67' title='bbox 536 813 655 866; x_wconf 87' lang='lat' dir='ltr'>taceam.</span> <span class='ocrx_word' id='word_1_68' title='bbox 693 810 864 866; x_wconf 77' lang='lat' dir='ltr'>Claudianus</span> <span class='ocrx_word' id='word_1_69' title='bbox 888 812 963 866; x_wconf 90' lang='lat' dir='ltr'>enim</span> <span class='ocrx_word' id='word_1_70' title='bbox 987 812 1046 866; x_wconf 90' lang='lat' dir='ltr'>sive</span> <span class='ocrx_word' id='word_1_71' title='bbox 1069 829 1119 866; x_wconf 91' lang='lat' dir='ltr'>ne-</span> 
     </span>
     <span class='ocr_line' id='line_1_10' title="bbox 169 882 1120 953; baseline 0.004 -19"><span class='ocrx_word' id='word_1_72' title='bbox 169 882 315 952; x_wconf 83' lang='lat' dir='ltr'>glegentia</span> <span class='ocrx_word' id='word_1_73' title='bbox 334 882 393 937; x_wconf 87' lang='lat' dir='ltr'>sive</span> <span class='ocrx_word' id='word_1_74' title='bbox 417 882 535 936; x_wconf 88' lang='lat' dir='ltr'>licentia</span> <span class='ocrx_word' id='word_1_75' title='bbox 558 882 680 950; x_wconf 87' lang='lat' dir='ltr'>quadam</span> <span class='ocrx_word' id='word_1_76' title='bbox 702 882 816 952; x_wconf 88' lang='lat' dir='ltr'>poetica</span> <span class='ocrx_word' id='word_1_77' title='bbox 842 884 980 938; x_wconf 90' lang='lat' dir='ltr'>abductus</span> <span class='ocrx_word' id='word_1_78' title='bbox 1004 883 1120 953; x_wconf 86' lang='lat' dir='ltr'>saepius</span> 
     </span>
     <span class='ocr_line' id='line_1_11' title="bbox 170 953 1121 1024; baseline 0.003 -18"><span class='ocrx_word' id='word_1_79' title='bbox 170 969 231 1007; x_wconf 88' lang='lat' dir='ltr'>rem</span> <span class='ocrx_word' id='word_1_80' title='bbox 249 953 290 1008; x_wconf 86' lang='lat' dir='ltr'>ita</span> <span class='ocrx_word' id='word_1_81' title='bbox 308 956 414 1022; x_wconf 86' lang='lat' dir='ltr'>narrat,</span> <span class='ocrx_word' id='word_1_82' title='bbox 433 953 515 1022; x_wconf 87' lang='lat' dir='ltr'>quasi</span> <span class='ocrx_word' id='word_1_83' title='bbox 529 953 665 1009; x_wconf 81' lang='lat' dir='ltr'>Hennaea</span> <span class='ocrx_word' id='word_1_84' title='bbox 682 953 761 1023; x_wconf 84' lang='lat' dir='ltr'>regio</span> <span class='ocrx_word' id='word_1_85' title='bbox 776 955 875 1009; x_wconf 87' lang='lat' dir='ltr'>eadem</span> <span class='ocrx_word' id='word_1_86' title='bbox 889 957 974 1024; x_wconf 89' lang='lat' dir='ltr'>atque</span> <span class='ocrx_word' id='word_1_87' title='bbox 989 953 1121 1009; x_wconf 84' lang='lat' dir='ltr'>Aetnaea</span> 
     </span>
     <span class='ocr_line' id='line_1_12' title="bbox 170 1023 1121 1093; baseline 0.003 -16"><span class='ocrx_word' id='word_1_88' title='bbox 170 1023 208 1078; x_wconf 85' lang='lat' dir='ltr'>sit</span> <span class='ocrx_word' id='word_1_89' title='bbox 227 1027 277 1078; x_wconf 87' lang='lat' dir='ltr'>aut</span> <span class='ocrx_word' id='word_1_90' title='bbox 294 1025 411 1093; x_wconf 88' lang='lat' dir='ltr'>paulum</span> <span class='ocrx_word' id='word_1_91' title='bbox 429 1027 541 1078; x_wconf 87' lang='lat' dir='ltr'>tanturn</span> <span class='ocrx_word' id='word_1_92' title='bbox 560 1024 595 1078; x_wconf 91' lang='lat' dir='ltr'>ab</span> <span class='ocrx_word' id='word_1_93' title='bbox 611 1041 645 1079; x_wconf 92' lang='lat' dir='ltr'>ea</span> <span class='ocrx_word' id='word_1_94' title='bbox 659 1024 790 1082; x_wconf 82' lang='lat' dir='ltr'>abfuerit.</span> <span class='ocrx_word' id='word_1_95' title='bbox 823 1025 863 1080; x_wconf 91' lang='lat' dir='ltr'>sic</span> <span class='ocrx_word' id='word_1_96' title='bbox 878 1025 912 1080; x_wconf 86' lang='lat' dir='ltr'>de</span> <span class='ocrx_word' id='word_1_97' title='bbox 926 1025 1121 1080; x_wconf 75' lang='lat' dir='ltr'>vicinitate</span> 
     </span>
     <span class='ocr_line' id='line_1_13' title="bbox 168 1095 1121 1166; baseline 0.003 -18"><span class='ocrx_word' id='word_1_98' title='bbox 168 1095 270 1150; x_wconf 90' lang='lat' dir='ltr'>horum</span> <span class='ocrx_word' id='word_1_99' title='bbox 287 1096 414 1150; x_wconf 83' lang='lat' dir='ltr'>locorum</span> <span class='ocrx_word' id='word_1_100' title='bbox 432 1095 548 1166; x_wconf 85' lang='lat' dir='ltr'>exponit</span> <span class='ocrx_word' id='word_1_101' title='bbox 561 1095 600 1150; x_wconf 94' lang='lat' dir='ltr'>III</span> <span class='ocrx_word' id='word_1_102' title='bbox 616 1101 666 1150; x_wconf 92' lang='grc'>122</span> <span class='ocrx_word' id='word_1_103' title='bbox 679 1114 720 1164; x_wconf 86' lang='lat' dir='ltr'>sq.</span> <span class='ocrx_word' id='word_1_104' title='bbox 735 1099 765 1150; x_wconf 90' lang='lat' dir='ltr'>et</span> <span class='ocrx_word' id='word_1_105' title='bbox 780 1101 830 1150; x_wconf 84' lang='lat'>186</span> <span class='ocrx_word' id='word_1_106' title='bbox 841 1114 898 1165; x_wconf 85' lang='lat' dir='ltr'>sq.;</span> <span class='ocrx_word' id='word_1_107' title='bbox 917 1095 958 1151; x_wconf 89' lang='lat' dir='ltr'>sio</span> <span class='ocrx_word' id='word_1_108' title='bbox 972 1097 1121 1151; x_wconf 80' lang='lat' dir='ltr'>Aetnaeae</span> 
     </span>
     <span class='ocr_line' id='line_1_14' title="bbox 167 1166 1121 1294; baseline 0.003 -74"><span class='ocrx_word' id='word_1_109' title='bbox 167 1166 306 1294; x_wconf 58' lang='lat' dir='ltr'>rflegionigi</span> <span class='ocrx_word' id='word_1_110' title='bbox 303 1166 493 1237; x_wconf 88' lang='lat' dir='ltr'>descriptione</span> <span class='ocrx_word' id='word_1_111' title='bbox 503 1168 555 1222; x_wconf 88' lang='lat' dir='ltr'>illa</span> <span class='ocrx_word' id='word_1_112' title='bbox 563 1168 713 1252; x_wconf 48' lang='lat' dir='ltr'>peractarl</span> <span class='ocrx_word' id='word_1_113' title='bbox 721 1172 876 1252; x_wconf 65' lang='lat' dir='ltr'>ito—itt)</span> <span class='ocrx_word' id='word_1_114' title='bbox 890 1167 1121 1253; x_wconf 42' lang='lat' dir='ltr'>pergere&#39;audet:</span> 
     </span>
     <span class='ocr_line' id='line_1_15' title="bbox 169 1240 1122 1389; baseline 0.001 -26"><span class='ocrx_word' id='word_1_115' title='bbox 169 1257 242 1377; x_wconf 66' lang='lat' dir='ltr'>att</span> <span class='ocrx_word' id='word_1_116' title='bbox 257 1240 1122 1389; x_wconf 56' lang='lat' dir='ltr'>cucurreratrecurreturue</span> 
     </span>
     <span class='ocr_line' id='line_1_16' title="bbox 168 1379 1120 1450; baseline 0.002 -17"><span class='ocrx_word' id='word_1_117' title='bbox 168 1380 314 1450; x_wconf 82' lang='lat' dir='ltr'>paravisse</span> <span class='ocrx_word' id='word_1_118' title='bbox 333 1380 404 1434; x_wconf 90' lang='lat' dir='ltr'>mihi</span> <span class='ocrx_word' id='word_1_119' title='bbox 423 1379 536 1448; x_wconf 89' lang='lat' dir='ltr'>quidem</span> <span class='ocrx_word' id='word_1_120' title='bbox 554 1381 680 1448; x_wconf 54' lang='lat' dir='ltr'>videtum</span> <span class='ocrx_word' id='word_1_121' title='bbox 698 1380 785 1434; x_wconf 88' lang='lat' dir='ltr'>hebet</span> <span class='ocrx_word' id='word_1_122' title='bbox 805 1383 899 1435; x_wconf 90' lang='lat' dir='ltr'>autem</span> <span class='ocrx_word' id='word_1_123' title='bbox 919 1399 954 1436; x_wconf 88' lang='lat' dir='ltr'>ex</span> <span class='ocrx_word' id='word_1_124' title='bbox 970 1383 1052 1450; x_wconf 80' lang='lat' dir='ltr'>parte</span> <span class='ocrx_word' id='word_1_125' title='bbox 1072 1398 1120 1435; x_wconf 89' lang='lat' dir='ltr'>ex-</span> 
     </span>
     <span class='ocr_line' id='line_1_17' title="bbox 169 1450 1121 1520; baseline 0.002 -16"><span class='ocrx_word' id='word_1_126' title='bbox 169 1450 352 1520; x_wconf 88' lang='lat' dir='ltr'>cusationem,</span> <span class='ocrx_word' id='word_1_127' title='bbox 372 1450 396 1504; x_wconf 92' lang='lat' dir='ltr'>si</span> <span class='ocrx_word' id='word_1_128' title='bbox 414 1450 589 1520; x_wconf 87' lang='lat' dir='ltr'>reputaveris</span> <span class='ocrx_word' id='word_1_129' title='bbox 612 1452 687 1519; x_wconf 89' lang='lat' dir='ltr'>apud</span> <span class='ocrx_word' id='word_1_130' title='bbox 706 1450 856 1520; x_wconf 81' lang='lat' dir='ltr'>scriptores</span> <span class='ocrx_word' id='word_1_131' title='bbox 876 1451 1015 1508; x_wconf 77' lang='lat' dir='ltr'>Aetnaeus</span> <span class='ocrx_word' id='word_1_132' title='bbox 1034 1469 1121 1506; x_wconf 86' lang='lat' dir='ltr'>voca-</span> 
     </span>
     <span class='ocr_line' id='line_1_18' title="bbox 168 1521 1121 1594; baseline 0.002 -19"><span class='ocrx_word' id='word_1_133' title='bbox 168 1522 268 1575; x_wconf 86' lang='lat' dir='ltr'>bulum</span> <span class='ocrx_word' id='word_1_134' title='bbox 290 1521 392 1576; x_wconf 87' lang='lat' dir='ltr'>latiore</span> <span class='ocrx_word' id='word_1_135' title='bbox 416 1521 578 1592; x_wconf 85' lang='lat' dir='ltr'>significatu</span> <span class='ocrx_word' id='word_1_136' title='bbox 601 1538 651 1590; x_wconf 90' lang='lat' dir='ltr'>pro</span> <span class='ocrx_word' id='word_1_137' title='bbox 673 1522 783 1578; x_wconf 81' lang='lat' dir='ltr'>Siculus</span> <span class='ocrx_word' id='word_1_138' title='bbox 805 1522 883 1576; x_wconf 88' lang='lat' dir='ltr'>haud</span> <span class='ocrx_word' id='word_1_139' title='bbox 905 1539 969 1579; x_wconf 87' lang='lat' dir='ltr'>raro</span> <span class='ocrx_word' id='word_1_140' title='bbox 992 1523 1121 1594; x_wconf 90' lang='lat' dir='ltr'>positum</span> 
     </span>
     <span class='ocr_line' id='line_1_19' title="bbox 170 1592 704 1662; baseline 0.002 -15"><span class='ocrx_word' id='word_1_141' title='bbox 170 1609 231 1647; x_wconf 87' lang='lat' dir='ltr'>esse</span> <span class='ocrx_word' id='word_1_142' title='bbox 249 1592 294 1662; x_wconf 88' lang='lat' dir='ltr'>(cf.</span> <span class='ocrx_word' id='word_1_143' title='bbox 310 1592 451 1648; x_wconf 85' lang='lat' dir='ltr'>Drakenb.</span> <span class='ocrx_word' id='word_1_144' title='bbox 471 1593 508 1646; x_wconf 92' lang='lat' dir='ltr'>ad</span> <span class='ocrx_word' id='word_1_145' title='bbox 528 1592 576 1647; x_wconf 84' lang='lat' dir='ltr'>Sil.</span> <span class='ocrx_word' id='word_1_146' title='bbox 591 1592 617 1645; x_wconf 93' lang='grc' dir='ltr'>Π</span> <span class='ocrx_word' id='word_1_147' title='bbox 632 1597 704 1662; x_wconf 88' lang='grc'>304).</span> 
     </span>
     <span class='ocr_line' id='line_1_20' title="bbox 100 1663 950 1735; baseline 0.005 -19"><span class='ocrx_word' id='word_1_148' title='bbox 100 1668 152 1716; x_wconf 93' lang='grc'>124</span> <span class='ocrx_word' id='word_1_149' title='bbox 163 1664 217 1735; x_wconf 90' lang='lat' dir='ltr'>sq.]</span> <span class='ocrx_word' id='word_1_150' title='bbox 235 1663 266 1716; x_wconf 94' lang='lat' dir='ltr'>in</span> <span class='ocrx_word' id='word_1_151' title='bbox 283 1663 510 1734; x_wconf 86' lang='lat' dir='ltr'>interpunctione</span> <span class='ocrx_word' id='word_1_152' title='bbox 528 1663 731 1718; x_wconf 85' lang='lat' dir='ltr'>Buechelerum</span> <span class='ocrx_word' id='word_1_153' title='bbox 749 1665 860 1719; x_wconf 89' lang='lat' dir='ltr'>secutus</span> <span class='ocrx_word' id='word_1_154' title='bbox 880 1682 950 1720; x_wconf 89' lang='lat' dir='ltr'>sum.</span> 
     </span>
    </p>
   </div>
   <div class='ocr_carea' id='block_1_3' title="bbox 99 1741 1121 1883">
    <p class='ocr_par' dir='ltr' id='par_1_3' title="bbox 99 1741 1121 1883">
     <span class='ocr_line' id='line_1_21' title="bbox 99 1741 1121 1814; baseline 0.003 -18"><span class='ocrx_word' id='word_1_155' title='bbox 99 1749 152 1797; x_wconf 83' lang='grc'>143</span> <span class='ocrx_word' id='word_1_156' title='bbox 171 1744 278 1814; x_wconf 74' lang='lat' dir='ltr'>iuncta]</span> <span class='ocrx_word' id='word_1_157' title='bbox 298 1760 400 1814; x_wconf 71' lang='lat' dir='ltr'>rucpuu</span> <span class='ocrx_word' id='word_1_158' title='bbox 416 1741 467 1811; x_wconf 78' lang='lat' dir='ltr'>W3</span> <span class='ocrx_word' id='word_1_159' title='bbox 494 1760 554 1798; x_wconf 86' lang='lat' dir='ltr'>uua</span> <span class='ocrx_word' id='word_1_160' title='bbox 576 1742 691 1811; x_wconf 82' lang='lat' dir='ltr'>reliqui,</span> <span class='ocrx_word' id='word_1_161' title='bbox 721 1760 755 1798; x_wconf 90' lang='lat' dir='ltr'>ex</span> <span class='ocrx_word' id='word_1_162' title='bbox 780 1760 835 1811; x_wconf 91' lang='lat' dir='ltr'>quo</span> <span class='ocrx_word' id='word_1_163' title='bbox 858 1745 916 1799; x_wconf 81' lang='lat' dir='ltr'>ima</span> <span class='ocrx_word' id='word_1_164' title='bbox 937 1744 1014 1800; x_wconf 87' lang='lat' dir='ltr'>refici</span> <span class='ocrx_word' id='word_1_165' title='bbox 1037 1744 1121 1799; x_wconf 90' lang='lat' dir='ltr'>iubet</span> 
     </span>
     <span class='ocr_line' id='line_1_22' title="bbox 168 1813 1120 1883; baseline 0.002 -15"><span class='ocrx_word' id='word_1_166' title='bbox 168 1813 310 1870; x_wconf 86' lang='lat' dir='ltr'>Heinsius.</span> <span class='ocrx_word' id='word_1_167' title='bbox 351 1814 450 1868; x_wconf 87' lang='lat' dir='ltr'>eadem</span> <span class='ocrx_word' id='word_1_168' title='bbox 474 1813 508 1867; x_wconf 90' lang='lat' dir='ltr'>de</span> <span class='ocrx_word' id='word_1_169' title='bbox 535 1813 658 1868; x_wconf 90' lang='lat' dir='ltr'>lectione</span> <span class='ocrx_word' id='word_1_170' title='bbox 685 1813 864 1883; x_wconf 84' lang='lat' dir='ltr'>proficiscens</span> <span class='ocrx_word' id='word_1_171' title='bbox 891 1818 989 1871; x_wconf 69' lang='lat' dir='ltr'>turrem</span> <span class='ocrx_word' id='word_1_172' title='bbox 1010 1814 1120 1870; x_wconf 80' lang='lat' dir='ltr'>Bittius</span> 
     </span>
    </p>
   </div>
   <div class='ocr_carea' id='block_1_4' title="bbox 167 1884 1119 2239">
    <p class='ocr_par' dir='ltr' id='par_1_4' title="bbox 167 1884 1119 2239">
     <span class='ocr_line' id='line_1_23' title="bbox 167 1884 1118 1967; baseline 0.003 -29"><span class='ocrx_word' id='word_1_173' title='bbox 167 1884 316 1967; x_wconf 85' lang='lat' dir='ltr'>proposuit</span> <span class='ocrx_word' id='word_1_174' title='bbox 330 1885 442 1966; x_wconf 74' lang='lat' dir='ltr'>contato</span> <span class='ocrx_word' id='word_1_175' title='bbox 458 1884 576 1966; x_wconf 71' lang='lat' dir='ltr'>Saltusti</span> <span class='ocrx_word' id='word_1_176' title='bbox 589 1885 653 1967; x_wconf 86' lang='lat' dir='ltr'>loco</span> <span class='ocrx_word' id='word_1_177' title='bbox 669 1887 790 1967; x_wconf 79' lang='lat' dir='ltr'>cognato</span> <span class='ocrx_word' id='word_1_178' title='bbox 805 1885 889 1954; x_wconf 87' lang='lat' dir='ltr'>(Hist.</span> <span class='ocrx_word' id='word_1_179' title='bbox 899 1886 938 1940; x_wconf 92' lang='lat' dir='ltr'>IV</span> <span class='ocrx_word' id='word_1_180' title='bbox 948 1888 1003 1958; x_wconf 86' lang='grc'>20).</span> <span class='ocrx_word' id='word_1_181' title='bbox 1032 1903 1118 1956; x_wconf 89' lang='lat' dir='ltr'>quam</span> 
     </span>
     <span class='ocr_line' id='line_1_24' title="bbox 168 1956 1119 2039; baseline 0.002 -29"><span class='ocrx_word' id='word_1_182' title='bbox 168 1959 362 2038; x_wconf 78' lang='lat' dir='ltr'>comesturarn</span> <span class='ocrx_word' id='word_1_183' title='bbox 388 1973 446 2038; x_wconf 80' lang='lat' dir='ltr'>iarn</span> <span class='ocrx_word' id='word_1_184' title='bbox 472 1957 583 2025; x_wconf 85' lang='lat' dir='ltr'>pudem</span> <span class='ocrx_word' id='word_1_185' title='bbox 603 1956 682 2037; x_wconf 25' lang='lat' dir='ltr'>‘in-ihr</span> <span class='ocrx_word' id='word_1_186' title='bbox 705 1957 882 2011; x_wconf 77' lang='lat' dir='ltr'>adridentem</span> <span class='ocrx_word' id='word_1_187' title='bbox 905 1974 980 2012; x_wconf 89' lang='lat' dir='ltr'>nunc</span> <span class='ocrx_word' id='word_1_188' title='bbox 1003 1957 1119 2039; x_wconf 81' lang='lat' dir='ltr'>egregie</span> 
     </span>
     <span class='ocr_line' id='line_1_25' title="bbox 168 2027 1118 2168; baseline 0 -15"><span class='ocrx_word' id='word_1_189' title='bbox 168 2027 1118 2168; x_wconf 61' lang='lat' dir='ltr'>tergutzzsssuzrtruutttrttttrucene</span> 
     </span>
     <span class='ocr_line' id='line_1_26' title="bbox 168 2169 868 2239; baseline 0.001 -15"><span class='ocrx_word' id='word_1_190' title='bbox 168 2170 313 2225; x_wconf 85' lang='lat' dir='ltr'>concedes.</span> <span class='ocrx_word' id='word_1_191' title='bbox 345 2169 442 2238; x_wconf 88' lang='lat' dir='ltr'>itaque</span> <span class='ocrx_word' id='word_1_192' title='bbox 461 2171 576 2239; x_wconf 89' lang='lat' dir='ltr'>plenum</span> <span class='ocrx_word' id='word_1_193' title='bbox 594 2169 750 2239; x_wconf 84' lang='lat' dir='ltr'>exprimere</span> <span class='ocrx_word' id='word_1_194' title='bbox 768 2169 868 2226; x_wconf 87' lang='lat' dir='ltr'>liceat:</span> 
     </span>
    </p>
   </div>
   <div class='ocr_carea' id='block_1_5' title="bbox 194 2277 957 2487">
    <p class='ocr_par' dir='ltr' id='par_1_5' title="bbox 194 2277 957 2487">
     <span class='ocr_line' id='line_1_27' title="bbox 470 2277 957 2346; baseline 0.004 -16"><span class='ocrx_word' id='word_1_195' title='bbox 470 2277 572 2330; x_wconf 82' lang='lat' dir='ltr'>Zuucte</span> <span class='ocrx_word' id='word_1_196' title='bbox 590 2293 693 2346; x_wconf 77' lang='lat' dir='ltr'>quoque</span> <span class='ocrx_word' id='word_1_197' title='bbox 710 2278 830 2331; x_wconf 81' lang='lat' dir='ltr'>iuueta</span> <span class='ocrx_word' id='word_1_198' title='bbox 847 2278 957 2344; x_wconf 79' lang='lat' dir='ltr'>fuisse</span> 
     </span>
     <span class='ocr_line' id='line_1_28' title="bbox 194 2347 915 2416; baseline 0.003 -15"><span class='ocrx_word' id='word_1_199' title='bbox 194 2347 337 2402; x_wconf 80' lang='lat' dir='ltr'>Dicitur</span> <span class='ocrx_word' id='word_1_200' title='bbox 355 2347 496 2414; x_wconf 77' lang='lat' dir='ltr'>Italiae,</span> <span class='ocrx_word' id='word_1_201' title='bbox 514 2348 599 2402; x_wconf 83' lang='lat' dir='ltr'>doure</span> <span class='ocrx_word' id='word_1_202' title='bbox 617 2348 774 2415; x_wconf 80' lang='lat' dir='ltr'>eoufirrr&#39;u</span> <span class='ocrx_word' id='word_1_203' title='bbox 788 2354 915 2416; x_wconf 81' lang='lat' dir='ltr'>poutue</span> 
     </span>
     <span class='ocr_line' id='line_1_29' title="bbox 194 2418 886 2487; baseline 0.004 -16"><span class='ocrx_word' id='word_1_204' title='bbox 194 2419 352 2473; x_wconf 79' lang='lat' dir='ltr'>Abstulit</span> <span class='ocrx_word' id='word_1_205' title='bbox 370 2424 395 2472; x_wconf 79' lang='lat' dir='ltr'>rt</span> <span class='ocrx_word' id='word_1_206' title='bbox 413 2419 503 2472; x_wconf 82' lang='lat' dir='ltr'>medic</span> <span class='ocrx_word' id='word_1_207' title='bbox 521 2418 643 2473; x_wconf 83' lang='lat' dir='ltr'>tellurem</span> <span class='ocrx_word' id='word_1_208' title='bbox 661 2419 783 2487; x_wconf 75' lang='lat' dir='ltr'>reppulit</span> <span class='ocrx_word' id='word_1_209' title='bbox 799 2421 886 2474; x_wconf 81' lang='lat' dir='ltr'>uude.</span> 
     </span>
    </p>
   </div>
   <div class='ocr_carea' id='block_1_6' title="bbox 167 2522 1117 2878">
    <p class='ocr_par' dir='ltr' id='par_1_6' title="bbox 167 2522 1117 2878">
     <span class='ocr_line' id='line_1_30' title="bbox 168 2522 1117 2593; baseline 0.003 -16"><span class='ocrx_word' id='word_1_210' title='bbox 168 2523 271 2592; x_wconf 91' lang='lat' dir='ltr'>quibus</span> <span class='ocrx_word' id='word_1_211' title='bbox 290 2522 418 2577; x_wconf 86' lang='lat' dir='ltr'>versibus</span> <span class='ocrx_word' id='word_1_212' title='bbox 439 2524 464 2577; x_wconf 91' lang='lat' dir='ltr'>si</span> <span class='ocrx_word' id='word_1_213' title='bbox 482 2522 631 2577; x_wconf 79' lang='lat' dir='ltr'>Claudiani</span> <span class='ocrx_word' id='word_1_214' title='bbox 653 2523 747 2578; x_wconf 88' lang='lat' dir='ltr'>locum</span> <span class='ocrx_word' id='word_1_215' title='bbox 769 2526 870 2578; x_wconf 89' lang='lat' dir='ltr'>contra</span> <span class='ocrx_word' id='word_1_216' title='bbox 891 2523 1019 2593; x_wconf 88' lang='lat' dir='ltr'>posueris</span> <span class='ocrx_word' id='word_1_217' title='bbox 1043 2524 1117 2580; x_wconf 88' lang='lat' dir='ltr'>nihi]</span> 
     </span>
     <span class='ocr_line' id='line_1_31' title="bbox 167 2594 491 2650; baseline -0.006 0"><span class='ocrx_word' id='word_1_218' title='bbox 167 2596 226 2650; x_wconf 86' lang='lat' dir='ltr'>iarn</span> <span class='ocrx_word' id='word_1_219' title='bbox 245 2594 405 2648; x_wconf 87' lang='lat' dir='ltr'>addendum</span> <span class='ocrx_word' id='word_1_220' title='bbox 424 2594 491 2649; x_wconf 90' lang='lat' dir='ltr'>erit:</span> 
     </span>
     <span class='ocr_line' id='line_1_32' title="bbox 650 2665 956 2737; baseline 0.013 -18"><span class='ocrx_word' id='word_1_221' title='bbox 650 2665 800 2721; x_wconf 81' lang='lat' dir='ltr'>Triuucrr&#39;u</span> <span class='ocrx_word' id='word_1_222' title='bbox 818 2669 956 2737; x_wconf 80' lang='lat' dir='ltr'>quoudam</span> 
     </span>
     <span class='ocr_line' id='line_1_33' title="bbox 194 2737 1018 2807; baseline 0.002 -15"><span class='ocrx_word' id='word_1_223' title='bbox 194 2739 324 2793; x_wconf 80' lang='lat' dir='ltr'>Italiae</span> <span class='ocrx_word' id='word_1_224' title='bbox 339 2754 422 2806; x_wconf 83' lang='lat' dir='ltr'>pers</span> <span class='ocrx_word' id='word_1_225' title='bbox 440 2739 560 2792; x_wconf 81' lang='lat' dir='ltr'>iuuctu</span> <span class='ocrx_word' id='word_1_226' title='bbox 577 2737 663 2803; x_wconf 79' lang='lat' dir='ltr'>sutt;</span> <span class='ocrx_word' id='word_1_227' title='bbox 680 2738 728 2791; x_wconf 81' lang='lat' dir='ltr'>sed</span> <span class='ocrx_word' id='word_1_228' title='bbox 741 2745 867 2807; x_wconf 84' lang='lat' dir='ltr'>poutus</span> <span class='ocrx_word' id='word_1_229' title='bbox 885 2746 910 2794; x_wconf 88' lang='lat' dir='ltr'>et</span> <span class='ocrx_word' id='word_1_230' title='bbox 928 2745 1018 2794; x_wconf 78' lang='lat' dir='ltr'>aestua</span> 
     </span>
     <span class='ocr_line' id='line_1_34' title="bbox 194 2808 989 2878; baseline 0 -14"><span class='ocrx_word' id='word_1_231' title='bbox 194 2809 338 2865; x_wconf 78' lang='lat' dir='ltr'>Mutavere</span> <span class='ocrx_word' id='word_1_232' title='bbox 357 2811 447 2864; x_wconf 81' lang='lat' dir='ltr'>sr&#39;turrr.</span> <span class='ocrx_word' id='word_1_233' title='bbox 480 2809 589 2878; x_wconf 78' lang='lat' dir='ltr'>Rupit</span> <span class='ocrx_word' id='word_1_234' title='bbox 608 2808 765 2874; x_wconf 79' lang='lat' dir='ltr'>cousinio</span> <span class='ocrx_word' id='word_1_235' title='bbox 783 2809 913 2865; x_wconf 83' lang='lat' dir='ltr'>Nereus</span> <span class='ocrx_word' id='word_1_236' title='bbox 931 2827 989 2878; x_wconf 90' lang='lat' dir='ltr'>eqs.</span> 
     </span>
    </p>
   </div>
   <div class='ocr_carea' id='block_1_7' title="bbox 78 2912 1053 2986">
    <p class='ocr_par' dir='ltr' id='par_1_7' title="bbox 78 2912 1053 2986">
     <span class='ocr_line' id='line_1_35' title="bbox 78 2912 1053 2986; baseline -0.002 -16"><span class='ocrx_word' id='word_1_237' title='bbox 78 2921 149 2974; x_wconf 81' lang='grc'>,105</span> <span class='ocrx_word' id='word_1_238' title='bbox 169 2916 231 2986; x_wconf 79' lang='lat' dir='ltr'>tibi]</span> <span class='ocrx_word' id='word_1_239' title='bbox 251 2914 353 2985; x_wconf 85' lang='lat' dir='ltr'>recepi,</span> <span class='ocrx_word' id='word_1_240' title='bbox 373 2915 440 2982; x_wconf 91' lang='lat' dir='ltr'>quia</span> <span class='ocrx_word' id='word_1_241' title='bbox 457 2913 575 2969; x_wconf 89' lang='lat' dir='ltr'>meliore</span> <span class='ocrx_word' id='word_1_242' title='bbox 594 2912 765 2967; x_wconf 87' lang='lat' dir='ltr'>auctoritate</span> <span class='ocrx_word' id='word_1_243' title='bbox 784 2913 875 2968; x_wconf 87' lang='lat' dir='ltr'>utitur</span> <span class='ocrx_word' id='word_1_244' title='bbox 894 2931 979 2984; x_wconf 89' lang='lat' dir='ltr'>quarn</span> <span class='ocrx_word' id='word_1_245' title='bbox 998 2919 1053 2973; x_wconf 78' lang='lat' dir='ltr'>cui.</span> 
     </span>
    </p>
   </div>
   <div class='ocr_carea' id='block_1_8' title="bbox 96 2993 1119 3263">
    <p class='ocr_par' dir='ltr' id='par_1_8' title="bbox 96 2993 1119 3263">
     <span class='ocr_line' id='line_1_36' title="bbox 96 2993 1118 3066; baseline 0.003 -17"><span class='ocrx_word' id='word_1_246' title='bbox 96 2999 149 3049; x_wconf 79' lang='grc'>208</span> <span class='ocrx_word' id='word_1_247' title='bbox 168 2995 301 3065; x_wconf 78' lang='lat' dir='ltr'>tumidus]</span> <span class='ocrx_word' id='word_1_248' title='bbox 321 3010 385 3048; x_wconf 91' lang='lat' dir='ltr'>oum</span> <span class='ocrx_word' id='word_1_249' title='bbox 404 2993 480 3062; x_wconf 84' lang='lat' dir='ltr'>FW,</span> <span class='ocrx_word' id='word_1_250' title='bbox 506 3011 564 3048; x_wconf 93' lang='lat' dir='ltr'>non</span> <span class='ocrx_word' id='word_1_251' title='bbox 582 2995 694 3049; x_wconf 76' lang='lat' dir='ltr'>timidae</span> <span class='ocrx_word' id='word_1_252' title='bbox 712 2993 864 3063; x_wconf 84' lang='lat' dir='ltr'>legendum</span> <span class='ocrx_word' id='word_1_253' title='bbox 883 3011 944 3049; x_wconf 91' lang='lat' dir='ltr'>esse</span> <span class='ocrx_word' id='word_1_254' title='bbox 962 2998 1045 3066; x_wconf 85' lang='lat' dir='ltr'>puto;</span> <span class='ocrx_word' id='word_1_255' title='bbox 1069 3015 1118 3053; x_wconf 91' lang='lat' dir='ltr'>ne-</span> 
     </span>
     <span class='ocr_line' id='line_1_37' title="bbox 168 3064 1119 3134; baseline 0.006 -15"><span class='ocrx_word' id='word_1_256' title='bbox 168 3081 245 3120; x_wconf 90' lang='lat' dir='ltr'>cesse</span> <span class='ocrx_word' id='word_1_257' title='bbox 264 3064 339 3119; x_wconf 84' lang='lat' dir='ltr'>enirn</span> <span class='ocrx_word' id='word_1_258' title='bbox 359 3067 403 3120; x_wconf 88' lang='lat' dir='ltr'>est</span> <span class='ocrx_word' id='word_1_259' title='bbox 421 3064 554 3119; x_wconf 87' lang='lat' dir='ltr'>bacchari</span> <span class='ocrx_word' id='word_1_260' title='bbox 573 3065 659 3120; x_wconf 89' lang='lat' dir='ltr'>etiam</span> <span class='ocrx_word' id='word_1_261' title='bbox 675 3064 801 3134; x_wconf 81' lang='lat' dir='ltr'>Gargara</span> <span class='ocrx_word' id='word_1_262' title='bbox 819 3082 882 3119; x_wconf 91' lang='lat' dir='ltr'>cum</span> <span class='ocrx_word' id='word_1_263' title='bbox 897 3065 984 3123; x_wconf 75' lang='lat' dir='ltr'>silvis.</span> <span class='ocrx_word' id='word_1_264' title='bbox 1014 3068 1069 3123; x_wconf 91' lang='lat' dir='ltr'>hoc</span> <span class='ocrx_word' id='word_1_265' title='bbox 1085 3072 1119 3125; x_wconf 90' lang='lat' dir='ltr'>ut</span> 
     </span>
     <span class='ocr_line' id='line_1_38' title="bbox 168 3136 1118 3207; baseline 0.004 -17"><span class='ocrx_word' id='word_1_266' title='bbox 168 3136 336 3207; x_wconf 84' lang='lat' dir='ltr'>exprimeret</span> <span class='ocrx_word' id='word_1_267' title='bbox 359 3139 456 3206; x_wconf 89' lang='lat' dir='ltr'>poeta,</span> <span class='ocrx_word' id='word_1_268' title='bbox 482 3138 604 3192; x_wconf 79' lang='lat' dir='ltr'>tumidas</span> <span class='ocrx_word' id='word_1_269' title='bbox 627 3136 713 3190; x_wconf 90' lang='lat' dir='ltr'>silvas</span> <span class='ocrx_word' id='word_1_270' title='bbox 736 3136 867 3190; x_wconf 88' lang='lat' dir='ltr'>inclinari</span> <span class='ocrx_word' id='word_1_271' title='bbox 892 3136 966 3192; x_wconf 86' lang='lat' dir='ltr'>dixit</span> <span class='ocrx_word' id='word_1_272' title='bbox 987 3137 1006 3196; x_wconf 90' lang='lat' dir='ltr'>i.</span> <span class='ocrx_word' id='word_1_273' title='bbox 1027 3156 1050 3195; x_wconf 90' lang='lat' dir='ltr'>e.</span> <span class='ocrx_word' id='word_1_274' title='bbox 1071 3157 1118 3194; x_wconf 86' lang='lat' dir='ltr'>ex·</span> 
     </span>
     <span class='ocr_line' id='line_1_39' title="bbox 167 3208 592 3263; baseline 0.002 -2"><span class='ocrx_word' id='word_1_275' title='bbox 167 3208 293 3263; x_wconf 86' lang='lat' dir='ltr'>ultantes</span> <span class='ocrx_word' id='word_1_276' title='bbox 312 3209 482 3262; x_wconf 85' lang='lat' dir='ltr'>venerantur</span> <span class='ocrx_word' id='word_1_277' title='bbox 501 3208 592 3262; x_wconf 89' lang='lat' dir='ltr'>deam.</span> 
     </span>
    </p>
   </div>
   <div class='ocr_carea' id='block_1_9' title="bbox 96 3287 1118 3428">
    <p class='ocr_par' dir='ltr' id='par_1_9' title="bbox 96 3287 1118 3428">
     <span class='ocr_line' id='line_1_40' title="bbox 96 3287 1118 3370; baseline 0.001 -26"><span class='ocrx_word' id='word_1_278' title='bbox 96 3296 149 3345; x_wconf 88' lang='grc'>244</span> <span class='ocrx_word' id='word_1_279' title='bbox 168 3288 271 3370; x_wconf 67' lang='lat' dir='ltr'>circuit]</span> <span class='ocrx_word' id='word_1_280' title='bbox 286 3287 359 3342; x_wconf 88' lang='lat' dir='ltr'>hanc</span> <span class='ocrx_word' id='word_1_281' title='bbox 377 3287 562 3357; x_wconf 89' lang='lat' dir='ltr'>plurimorum</span> <span class='ocrx_word' id='word_1_282' title='bbox 580 3287 717 3342; x_wconf 88' lang='lat' dir='ltr'>librorum</span> <span class='ocrx_word' id='word_1_283' title='bbox 736 3287 904 3370; x_wconf 78' lang='lat' dir='ltr'>scripturam</span> <span class='ocrx_word' id='word_1_284' title='bbox 922 3290 956 3342; x_wconf 91' lang='lat' dir='ltr'>nt</span> <span class='ocrx_word' id='word_1_285' title='bbox 972 3289 1118 3360; x_wconf 75' lang='lat' dir='ltr'>reiectam,</span> 
     </span>
     <span class='ocr_line' id='line_1_41' title="bbox 166 3358 1117 3428; baseline 0.002 -13"><span class='ocrx_word' id='word_1_286' title='bbox 166 3360 273 3415; x_wconf 82' lang='lat' dir='ltr'>Lucani</span> <span class='ocrx_word' id='word_1_287' title='bbox 287 3359 365 3414; x_wconf 90' lang='lat' dir='ltr'>locus</span> <span class='ocrx_word' id='word_1_288' title='bbox 375 3361 503 3414; x_wconf 88' lang='lat' dir='ltr'>conlatus</span> <span class='ocrx_word' id='word_1_289' title='bbox 512 3377 557 3414; x_wconf 88' lang='lat' dir='ltr'>mc</span> <span class='ocrx_word' id='word_1_290' title='bbox 566 3375 622 3413; x_wconf 91' lang='lat' dir='ltr'>non</span> <span class='ocrx_word' id='word_1_291' title='bbox 636 3358 776 3413; x_wconf 88' lang='lat' dir='ltr'>adducere</span> <span class='ocrx_word' id='word_1_292' title='bbox 785 3362 887 3428; x_wconf 83' lang='lat' dir='ltr'>potuit.</span> <span class='ocrx_word' id='word_1_293' title='bbox 913 3363 991 3416; x_wconf 71' lang='lat' dir='ltr'>cutte</span> <span class='ocrx_word' id='word_1_294' title='bbox 1002 3360 1020 3415; x_wconf 85' lang='lat' dir='ltr'>S</span> <span class='ocrx_word' id='word_1_295' title='bbox 1030 3363 1060 3416; x_wconf 90' lang='lat' dir='ltr'>et</span> <span class='ocrx_word' id='word_1_296' title='bbox 1069 3362 1117 3418; x_wconf 91' lang='lat' dir='ltr'>W.</span> 
     </span>
    </p>
   </div>
   <div class='ocr_carea' id='block_1_10' title="bbox 97 3438 1119 3580">
    <p class='ocr_par' dir='ltr' id='par_1_10' title="bbox 97 3438 1119 3580">
     <span class='ocr_line' id='line_1_42' title="bbox 97 3438 1119 3511; baseline 0.002 -17"><span class='ocrx_word' id='word_1_297' title='bbox 97 3446 149 3496; x_wconf 78' lang='lat'>250</span> <span class='ocrx_word' id='word_1_298' title='bbox 168 3440 261 3511; x_wconf 66' lang='lat' dir='ltr'>tuctu]</span> <span class='ocrx_word' id='word_1_299' title='bbox 281 3440 365 3494; x_wconf 72' lang='lat' dir='ltr'>tusus</span> <span class='ocrx_word' id='word_1_300' title='bbox 382 3443 408 3494; x_wconf 84' lang='lat' dir='ltr'>A</span> <span class='ocrx_word' id='word_1_301' title='bbox 427 3438 515 3506; x_wconf 86' lang='lat' dir='ltr'>solus,</span> <span class='ocrx_word' id='word_1_302' title='bbox 542 3439 618 3508; x_wconf 88' lang='lat' dir='ltr'>quod</span> <span class='ocrx_word' id='word_1_303' title='bbox 639 3455 697 3493; x_wconf 90' lang='lat' dir='ltr'>non</span> <span class='ocrx_word' id='word_1_304' title='bbox 719 3438 917 3494; x_wconf 89' lang='lat' dir='ltr'>necessarium.</span> <span class='ocrx_word' id='word_1_305' title='bbox 955 3439 1019 3496; x_wconf 88' lang='lat' dir='ltr'>loca</span> <span class='ocrx_word' id='word_1_306' title='bbox 1041 3442 1119 3497; x_wconf 85' lang='lat' dir='ltr'>enim</span> 
     </span>
     <span class='ocr_line' id='line_1_43' title="bbox 168 3508 963 3580; baseline 0.004 -15"><span class='ocrx_word' id='word_1_307' title='bbox 168 3527 240 3580; x_wconf 89' lang='lat' dir='ltr'>quae</span> <span class='ocrx_word' id='word_1_308' title='bbox 260 3511 430 3578; x_wconf 79' lang='lat' dir='ltr'>iusserunt,</span> <span class='ocrx_word' id='word_1_309' title='bbox 450 3508 538 3564; x_wconf 91' lang='lat' dir='ltr'>etiam</span> <span class='ocrx_word' id='word_1_310' title='bbox 556 3512 631 3566; x_wconf 79' lang='lat' dir='ltr'>iusta</span> <span class='ocrx_word' id='word_1_311' title='bbox 650 3511 733 3564; x_wconf 89' lang='lat' dir='ltr'>erunt</span> <span class='ocrx_word' id='word_1_312' title='bbox 751 3510 963 3568; x_wconf 88' lang='lat' dir='ltr'>elementorum.</span> 
     </span>
    </p>
   </div>
   <div class='ocr_carea' id='block_1_11' title="bbox 0 0 1224 3832">
    <p class='ocr_par' dir='ltr' id='par_1_11' title="bbox 0 0 1224 3832">
     <span class='ocr_line' id='line_1_44' title="bbox 0 0 1224 3832; baseline 0 0"><span class='ocrx_word' id='word_1_313' title='bbox 0 0 1224 3832; x_wconf 95' lang='lat' dir='ltr'> </span> 
     </span>
    </p>
   </div>
  </div>
 </body>
</html>
