2438 3832
122 175 270 246 (XXXIII.)
288 174 337 228 DE
356 173 478 230 RAP'I'V
498 173 751 230 PROSERPINAE
770 176 878 230 LIBER
897 176 1041 233 PRIMVS.
1073 177 1138 241 263

123 337 265 402 Auditur
288 339 436 402 fremitus
460 340 557 403 terris
579 340 801 423 templumque
824 341 965 427 remugit
1107 357 1140 405 ιο

123 427 315 511 Cecropium
338 432 530 511 sanctasque
552 428 639 492 faces
662 428 791 492 extollit
813 427 952 493 Eleusis,

125 515 258 602 Angues
281 515 473 601 Triptolemi
496 517 636 581 strident
659 521 691 580 et
715 539 868 600 squamea
892 518 998 582 curvis

125 604 217 668 Colla
240 605 349 669 lerant
372 606 487 670 attrita
510 605 597 692 iugis
620 606 778 689 lapsuque
802 627 914 671 sereno

123 693 233 757 Erecti
256 715 365 758 roseas
389 695 526 759 tendunt
549 695 590 758 ad
613 695 755 759 carmina
778 694 901 759 cristas.

123 781 207 846 Ecce
229 783 343 866 procul
365 783 468 847 ternis
491 783 613 847 Hecate
636 783 761 847 variata
784 783 899 869 figuris
1107 802 1141 849 15

123 868 292 957 Exoritur,
315 871 460 955 levisque
484 871 582 936 simul
604 871 750 956 procedit
775 870 907 936 Iacchus

14 979 15 983 ’
125 957 247 1023 Orinali
270 961 389 1024 florens
412 960 542 1046 hedera,
566 982 661 1044 quem
684 960 837 1025 Parthica
860 961 947 1025 relat

122 1046 232 1134 Tigris
256 1052 288 1112 et
312 1054 442 1113 auratos
466 1049 501 1113 in
523 1049 644 1113 nodum
668 1049 794 1136 colligit
817 1072 955 1136 ungues:

121 1136 225 1200 Ebria
247 1136 415 1201 Maeonius
439 1138 548 1202 firmat
570 1138 709 1224 vestigia
731 1139 873 1222 thyrsus.

189 1224 245 1310 Di,
269 1225 388 1308 quibus
411 1226 614 1290 innumerum
637 1227 730 1291 vacui
754 1227 931 1291 famulatur
952 1226 1073 1292 Averni
1107 1246 1141 1294 ao

125 1312 254 1400 Vulgus
277 1313 377 1399 iners,
401 1315 517 1398 opibus
541 1337 679 1399 quorum
703 1316 842 1379 donatur
865 1316 970 1380 araris
1154 1329 1160 1339 '

125 1400 288 1486 Quidquid
310 1402 345 1467 in
368 1404 446 1468 orbe
470 1403 569 1489 perit,
592 1426 675 1487 quos
699 1403 780 1488 Styx
803 1404 982 1470 liventibus
1005 1407 1108 1471 ambit

122 1489 285 1556 Interfusa
307 1492 399 1556 vadis
422 1497 455 1557 et
479 1515 561 1576 quos
584 1493 743 1557 fumantia
766 1498 921 1577 torquens

16 1629 22 1642 .
122 1579 274 1663 Aequora
302 1581 488 1668 gurgitibus
511 1581 715 1668 Phlegethon
742 1583 918 1666 perlustrat
947 1583 1072 1647 anhelis
1096 1624 1140 1632 —-

123 1667 192 1732 Vos
215 1669 296 1733 mihi
320 1692 483 1734 sacrarum
506 1671 685 1754 penetralia
708 1671 840 1754 pandite
862 1693 970 1735 rerum
1105 1690 1139 1738 aa

123 1756 168 1819 Et
191 1758 292 1821 vestri
316 1763 437 1822 secreta
460 1758 543 1842 poli:
568 1781 631 1842 qua
654 1759 802 1842 lampade
824 1759 934 1824 Ditem
1141 1839 1143 1846 y

123 1844 231 1909 Flexit
253 1845 368 1931 Amor3
392 1868 456 1929 quo
481 1846 576 1910 ducta
599 1848 691 1911 ferox
714 1847 908 1932 Proserpina
931 1852 1027 1932 raptu

122 1933 272 1998 Possedit
295 1934 402 1998 dotale
427 1934 533 1998 Chaos
556 1939 758 2019 quantasque
780 1958 838 2021 per
861 1959 934 2001 oras

122 2022 271 2087 Sollicito
295 2023 442 2109 genetrix
466 2024 620 2087 erraverit
643 2024 738 2088 anxia
761 2046 871 2110 oursu3

122 2110 215 2175 Vnde
239 2111 332 2176 datae
354 2111 484 2196 populis
507 2112 618 2199 fruges
641 2116 673 2176 et
696 2113 813 2198 glande
836 2114 950 2178 relicta
1103 2133 1138 2180 30

124 2199 266 2264 Cesserit
288 2200 429 2264 inventis
453 2199 601 2264 Dodonia
625 2223 761 2285 quercus
784 2201 903 2267 aristis.

191 2288 266 2352 Dux
289 2288 389 2353 Erebi
413 2289 576 2372 quondam
598 2289 740 2353 tumidas
763 2290 884 2354 exarsit
907 2291 942 2355 in
965 2292 1031 2356 iras

123 2377 251 2441 Proelia
274 2382 422 2441 moturus
446 2378 585 2464 superis,
609 2378 695 2462 quod
719 2379 808 2442 solus
831 2384 940 2466 egeret

125 2464 282 2531 Conubiis
305 2466 497 2551 sterilesque
519 2467 575 2531 diu
598 2472 800 2532 consumeret
823 2490 925 2534 annos

122 2553 301 2639 Impatiens
323 2556 447 2621 nescire
468 2561 578 2621 torum
599 2557 771 2640 nullasque
793 2558 903 2622 mariti
1104 2578 1138 2627 35

122 2642 305 2709 Inlecebras
327 2667 386 2709 nec
409 2646 501 2710 dulce
523 2646 626 2729 patris
649 2667 843 2732 cognoscere
864 2669 991 2712 nomen.

122 2730 191 2796 Iam
215 2755 434 2817 quaecumque
456 2735 559 2799 latent
582 2735 676 2799 ferali
699 2740 845 2799 monstra
868 2735 1021 2800 barathro

122 2818 163 2884 In
184 2825 308 2886 turmas
332 2822 495 2905 aciemque
518 2827 617 2887 ruunt
640 2827 816 2907 contraque
838 2823 1018 2888 Tonantem

124 2908 303 2975 Coniurant
324 2909 454 2995 Furiae,
477 2911 656 2995 crinitaque
679 2911 828 2976 sontibus
851 2911 963 2995 hydris

124 2997 306 3082 Tesiphone
330 2999 478 3083 quatiens
502 2999 646 3063 infausto
670 2999 792 3064 lumine
814 3000 928 3085 pinum
1104 3011 1142 3069 40'

123 3083 276 3151 Armatos
300 3087 340 3151 ad
363 3091 469 3152 castra
492 3092 586 3152 vocat
609 3087 764 3171 pallentia
786 3087 907 3154 Manes.

123 3174 229 3239 Paene
251 3176 419 3240 reluctatis
442 3176 560 3240 iterum
582 3176 762 3263 pugnantia
784 3177 881 3242 rebus

122 3263 299 3346 Rupissent
321 3266 479 3330 elementa
502 3265 598 3329 fidem
620 3265 813 3350 penitusque
836 3266 964 3331 revulso

123 3351 256 3417 Carcere
279 3353 397 3417 laxatis
419 3354 523 3438 pubes
545 3353 674 3418 Titania
696 3353 812 3419 vinclis

122 3440 267 3506 Vidisset
291 3442 427 3507 caeleste
449 3442 544 3507 iubar
566 3465 742 3527 rursusque
765 3449 916 3508 cruentus
1102 3466 1136 3512 sa

120 3528 274 3617 Aegaeon
296 3530 415 3616 positis
438 3536 533 3596 aucto
557 3532 596 3597 de
618 3554 752 3618 corpore
773 3532 872 3598 nodis
