2438 3832
435 821 771 897 PANEGYRIOVS

98 964 161 1037 DE
182 963 332 1036 SEXTO
356 962 640 1038 CONSVLATV
663 965 866 1039 HONORII
887 963 1110 1040 Avevsrr.

489 1142 724 1206 PRAEFATIO.

533 1264 671 1349 (xxvu.)

100 1385 228 1471 Omnia,
252 1408 333 1470 quae
357 1409 453 1450 sensu
475 1388 651 1452 volumtur
673 1390 750 1452 vota
774 1388 899 1476 dinmo,

142 1475 276 1540 Pectore
300 1475 406 1560 sopito
430 1476 534 1540 reddit
557 1476 659 1540 amica
683 1477 783 1559 quies.

96 1561 242 1629 Venator
265 1564 389 1628 defessa
411 1569 485 1629 toro
510 1586 582 1629 cum
604 1566 749 1631 membra
772 1567 910 1653 reponit,

142 1653 234 1718 Mens
257 1657 367 1718 tamen
389 1653 429 1718 ad
452 1654 550 1718 silvas
575 1658 607 1719 et
630 1677 688 1719 sua
711 1655 815 1720 lustra
837 1656 929 1720 redit.

98 1739 263 1807 Iudicibus
285 1743 370 1830 lites,
393 1743 525 1830 aurigae
548 1743 673 1808 somnia
697 1765 809 1809 currus
1097 1763 1113 1812 a

141 1831 298 1915 Vanaque
320 1831 488 1896 nocturnis
510 1836 596 1896 meta
620 1837 750 1897 cavetur
773 1833 872 1917 equis

97 1919 199 1984 Furto
222 1920 341 2007 gaudet
364 1942 484 2007 amans,
506 1925 669 2005 permutat
691 1921 802 1986 navita
824 1943 946 1987 merces

142 2010 187 2074 Et
210 2009 291 2096 vigil
313 2009 438 2094 elapsas
463 2010 588 2093 quaerit
611 2033 727 2074 avarus
751 2033 837 2096 opes,

97 2096 284 2182 Blandaque
307 2098 447 2185 largitur
469 2099 591 2162 frustra
614 2099 801 2163 sitientibus
824 2100 931 2186 aegris

141 2187 293 2273 luriguus
316 2187 424 2273 gelido
448 2189 564 2272 pocula
587 2188 677 2251 fonte
700 2209 805 2271 sopor.
1081 2207 1113 2255 10

97 2363 150 2428 Me
174 2385 301 2447 quoque
324 2362 491 2427 Musarum
515 2364 659 2428 studium
682 2364 743 2428 sub
766 2369 861 2429 nocte
884 2365 993 2430 silenti

142 2448 278 2515 Artibus
302 2452 445 2516 adsuetis
469 2453 646 2517 sollicitare
669 2454 719 2517 sol
738 2457 760 2518 t.

97 2538 246 2624 Namque
269 2540 336 2624 poli
360 2540 463 2605 media
487 2541 649 2606 stellantis
672 2541 708 2606 in
731 2564 802 2606 arce
825 2542 957 2607 videbar

141 2629 228 2694 Ante
250 2629 346 2713 pedes
370 2631 488 2693 summi
511 2631 653 2694 carmina
676 2631 760 2695 ferre
782 2629 882 2717 Iovis3

96 2717 206 2803 thue
229 2720 315 2783 favet
339 2740 480 2805 somnus,
502 2719 699 2803 plaudebant
721 2720 855 2784 numina
878 2719 974 2784 dictis
1081 2737 1114 2785 15

141 2809 186 2872 Et
210 2808 396 2872 circumfusi
419 2830 509 2872 sacra
533 2830 651 2872 corona
675 2808 772 2873 chori.

97 2895 279 2961 Enceladus
302 2897 384 2960 mihi
407 2919 535 2961 carmen
558 2902 626 2962 erat
648 2897 817 2981 victusque
840 2897 1028 2982 Typhoeus:

142 2985 206 3050 Hic
229 2985 318 3049 subit
340 2984 512 3071 lnarimen‚
534 2986 620 3050 hunc
643 2987 752 3072 gravis
775 2985 881 3050 Aetna
905 2986 1022 3050 domat.

99 3074 202 3151 Quam
224 3075 345 3139 laetum
367 3079 443 3158 post
465 3074 551 3138 bella
574 3073 683 3140 lovem
707 3079 891 3159 susceperat
914 3075 1024 3139 aether

141 3164 337 3250 Phlegraeae
360 3164 501 3227 referens
523 3164 666 3247 praemia
689 3164 840 3227 militiae!
1078 3181 1114 3228 20

97 3341 239 3406 Additur
261 3364 332 3406 ecce
355 3342 434 3405 fides
456 3362 516 3405 nec
538 3364 588 3405 me
610 3363 681 3405 mea
704 3340 784 3405 lusit
806 3340 924 3428 imago,

139 3429 245 3495 inrita
266 3453 326 3495 nec
349 3431 468 3495 falsum
492 3430 617 3494 somnia
639 3430 729 3494 misit
752 3429 840 3495 ebur.
