2438 3832
98 139 163 194 XVI
496 137 710 193 PRAEFATIO.

100 323 198 366 ausus
232 324 303 364 sum
335 300 427 364 Eutr.
450 299 467 364 I
491 301 555 366 309
583 301 715 379 domici,
748 300 790 364 ib.
814 298 847 363 ΙΙ
873 300 936 365 185
963 303 1120 366 reticente.

98 389 213 472 Neque
241 389 345 452 habeo
373 388 431 453 ubi
457 388 670 453 necessariam
699 410 768 452 esse
796 388 879 452 aiam
906 388 1080 453 lectionem
1104 414 1119 454 ε

98 479 164 542 nisi
182 477 217 541 in
236 500 261 542 c.
275 501 316 541 111.
331 475 426 541 XVII
442 477 483 541 15
502 479 604 542 exerit.
644 475 792 540 Ceterum
810 477 845 541 in
858 475 908 540 ΙΠ
923 499 1009 542 cons.
1023 477 1119 562 Hon,

101 567 219 650 quippe
247 566 282 629 in
311 587 375 648 quo
408 565 556 630 meliores
590 565 703 649 scripti
732 565 810 630 libri
838 565 1004 651 deficiant,
1036 567 1120 631 illud

100 656 230 738 tegmine
253 654 430 737 adprobavi
452 654 551 737 praef.
574 676 603 718 v.
623 656 652 719 3.

188 742 335 825 Denique
357 743 393 806 in
416 742 612 807 carminibus
633 741 802 806 Claudiam
821 764 931 806 eorum
951 740 1032 825 quae
1051 744 1118 808 fere

97 831 294 916 novaverim,
318 835 374 894 aut
397 830 438 894 ad
460 827 680 914 manuscripta
701 836 757 894 aut
776 831 816 894 ad
833 831 958 914 priores
977 831 1116 896 editores

99 924 156 983 aut
180 920 220 983 ad
243 919 460 984 coniecturam
489 919 692 1005 confugiam,
720 919 879 983 rationem
907 919 979 983 dedi
1007 921 1042 984 in
1065 920 1118 982 ad-

98 1008 324 1073 notationibus
349 1030 429 1090 quas
452 1008 487 1072 in
508 1007 665 1091 proximis
687 1007 816 1094 paginis
842 1008 1002 1091 praemisi.
1049 1007 1116 1072 Sub

98 1096 170 1181 ipso
202 1097 347 1182 margine
379 1096 557 1160 carminum
590 1096 735 1160 codicum
766 1096 939 1160 varietates
970 1117 1036 1160 non
1064 1097 1116 1160 ad-

98 1185 254 1271 ferebam,
277 1185 336 1249 has
360 1185 444 1248 enim
462 1184 512 1249 Bi.
531 1185 672 1249 ubertim
689 1184 946 1269 ministraverat3
969 1186 1025 1248 sed
1043 1206 1117 1250 con-

97 1273 314 1337 iectaneorum
336 1273 512 1337 lectionum
531 1278 678 1337 auctores
696 1273 862 1337 nominare
880 1273 928 1336 ibi
948 1272 1026 1338 satis
1046 1295 1115 1337 esse

100 1361 185 1447 duxi,
204 1363 250 1425 ita
268 1364 305 1424 ut
325 1361 471 1425 codicum
483 1361 656 1425 lectionem
670 1361 739 1425 sine
752 1365 830 1425 nota
845 1362 937 1426 iuxta
955 1383 1115 1444 ponerem.

187 1450 236 1515 De
256 1449 367 1513 ordine
386 1450 565 1514 carminum
584 1472 679 1532 quem
694 1472 732 1513 ex
746 1450 939 1514 auctoritate
957 1451 1115 1514 librorum

99 1538 312 1623 exhibuimus,
336 1543 405 1603 erat
428 1549 501 1602 cum
525 1538 717 1623 dubitarem,
741 1542 826 1602 certe
845 1539 930 1602 enim
949 1538 1114 1623 aptissime

96 1626 182 1690 inter
204 1627 440 1713 Panegyricum
462 1626 597 1692 Probini
620 1631 652 1690 et
675 1627 777 1691 libros
800 1627 839 1691 in'
851 1627 1006 1691 Rufinum
1025 1627 1115 1690 ador-

97 1715 169 1779 nari
200 1715 308 1799 potuit
335 1715 461 1799 Raptus
489 1715 715 1801 Proserpinae,
746 1715 809 1779 fuit
838 1716 923 1779 enim
949 1715 1002 1779 hic
1029 1715 1114 1779 inter

97 1802 202 1886 prima
234 1804 401 1868 conamina
432 1803 544 1868 Musae
574 1803 785 1868 Claudianeae
818 1808 849 1868 et
881 1804 974 1868 illum
1006 1805 1115 1868 locum

99 1891 163 1954 sibi
187 1890 322 1977 adrogat
345 1891 444 1955 etiam
466 1895 610 1975 tempore
633 1892 715 1978 ipso,
739 1914 802 1975 quo
820 1896 916 1956 natus
936 1897 993 1956 est.
1030 1890 1114 1954 Item

99 1978 267 2044 aGraecis
291 1979 487 2043 carminibus
510 1980 603 2044 Musa
625 1980 719 2044 haec·
729 1981 894 2044 exordium
917 1985 1113 2065 sumpserat,

98 2068 258 2132 debebant
272 2089 349 2154 ergo
363 2067 442 2132 haec
456 2069 491 2132 in
503 2069 618 2153 primis
631 2069 760 2155 paginis
774 2067 918 2153 exprimi.
943 2068 1113 2132 Praeterea

97 2157 237 2221 testibus
261 2161 317 2220 aut
340 2156 471 2240 optimis
495 2162 551 2221 aut
574 2157 670 2222 bonis
694 2161 839 2221 certeco
863 2156 975 2221 deduci
997 2157 1114 2242 possis,

96 2251 134 2310 ut
156 2246 284 2311 Bellum
308 2245 513 2310 Gildonicum
535 2251 610 2330 post
633 2245 761 2310 Bellum
780 2244 955 2310 Gothicum
974 2246 1112 2310 colloces

98 2333 152 2422 (cf.
166 2335 214 2399 Bi.
228 2334 327 2418 praef.
340 2357 371 2418 p.
388 2332 545 2421 CXXXI).
583 2333 645 2399 Sed
662 2337 771 2397 tamen
788 2334 840 2397 his
859 2335 1113 2420 cogitationibus

97 2446 157 2510 ego
192 2423 326 2505 obsequi
357 2421 462 2507 nolui,
499 2427 535 2486 ut
566 2444 607 2486 ne
639 2422 783 2486 ordinem
819 2423 1011 2509 carminum,
1048 2445 1111 2506 quo

89 2510 223 2598 ¹Ieepius
248 2534 266 2575 a
290 2510 446 2597 Gesnero,
477 2510 600 2575 Birtius
624 2533 642 2574 a
664 2510 773 2595 Ieepio
802 2510 975 2597 discrepat,
1007 2512 1111 2575 denuo

96 2600 166 2684 ipse
190 2622 317 2683 quoque
339 2601 541 2664 inmutarem.

186 2687 226 2753 ln
257 2688 517 2776 orthographicis
550 2693 582 2752 et
613 2687 873 2772 interpunctione
905 2692 1062 2771 quatenus
1093 2711 1112 2751 a

99 2776 275 2841 Claudiano
298 2778 418 2842 maiore
441 2777 495 2842 hic
517 2776 624 2842 minor
650 2778 831 2863 recesserit,
862 2777 926 2861 ipsi
953 2777 1111 2841 videbunt

97 2865 153 2950 qui
176 2865 355 2949 inspicient.

99 3041 285 3107 Scribebam
296 3041 404 3107 Ostiae
414 3043 453 3107 ad
465 3043 621 3108 Saravum
630 3065 739 3107 mense
749 3042 835 3108 Maio
844 3040 1108 3106 MDOCOXCIII.
