2438 3832
251 127 331 198 (XX.)
350 129 390 182 IN
410 129 627 185 EVTROPIVM
644 131 754 186 LIBER
773 132 969 192 SECVNDVS.
1079 136 1122 202 83

106 289 189 354 Sunt
214 291 269 373 qui
292 313 349 373 per
373 290 489 356 Cilicas
513 297 609 376 rupto
633 293 821 360 descendere
845 297 965 384 Tauro,

106 378 189 443 Sunt
214 380 269 462 qui
294 382 449 463 correptis
473 383 598 446 ratibus
622 387 771 468 terraque
794 386 939 469 marique

105 468 288 532 Adventare
311 469 430 554 ferant3
453 472 659 556 geminantm·
681 495 756 537 vera
776 475 906 556 pavoris
1068 493 1121 544 470

104 557 252 644 Ingenio:
276 558 372 644 longe
396 561 534 642 spectari
557 562 720 644 puppibus
743 563 840 626 urbes

104 646 280 732 Accensae,
303 648 409 711 lucere
433 648 552 712 fretum
569 655 736 734 ,ventoque
760 652 875 714 citatas

105 735 262 800 Omnibus
285 737 320 800 in
342 737 458 822 pelago
482 738 562 802 velis
585 738 715 803 haerere
739 740 875 805 favillas.

170 825 241 888 Hos
264 825 349 888 inter
373 827 527 909 strepitus
551 826 711 891 funestior
734 828 863 892 advolat
887 829 968 893 alter

103 913 260 979 Nuntius:
285 918 441 978 armatam
464 937 576 978 rursus
597 915 766 999 Babylona
789 918 905 980 minari
1067 936 1120 985 475
1211 948 1213 956 ¹

104 1003 192 1088 Rege
214 1025 313 1087 nov03
336 1003 456 1066 resides
479 1004 619 1067 Parthos
641 1006 759 1090 ignava
781 1006 937 1088 perosos

104 1090 179 1155 Otia
202 1092 366 1155 Romanae
389 1093 486 1156 finem
508 1093 573 1156 iam
597 1115 748 1176 quaerere
771 1094 851 1176 paci.

102 1180 208 1243 Rarus
232 1181 317 1263 apud
339 1180 451 1244 Medos
474 1204 587 1266 regum
612 1203 721 1265 cruor3
744 1204 872 1265 unaque
896 1186 1011 1247 cuncto

102 1269 210 1333 Poena
233 1273 342 1332 manet
365 1271 487 1355 generi:
513 1269 658 1352 quamvis
683 1270 865 1334 crudelibus
889 1292 989 1354 aeque

102 1358 239 1422 Paretur
262 1358 408 1421 dominis,
455 1357 518 1422 Sed
541 1359 618 1440 quid
640 1380 707 1422 non
730 1359 845 1423 audeat
869 1381 972 1423 annus
1067 1377 1119 1427 400

102 1446 276 1530 Eutropii?
299 1447 422 1511 socium
444 1447 540 1510 nobis
564 1446 727 1530 fidumque
751 1447 905 1531 Saporem
1028 1521 1034 1532 ἱ

101 1535 244 1599 Perculit
268 1539 300 1599 et
322 1536 438 1599 Persas
461 1537 495 1598 in
518 1536 607 1621 regia
629 1537 763 1600 vulnera
785 1537 888 1600 movit

102 1624 331 1708 Rapturusque
354 1625 464 1709 fidem,
487 1625 553 1688 leto
577 1646 652 1707 pars
675 1646 716 1688 ne
740 1647 804 1708 qua
825 1629 967 1709 vacaret,

101 1712 317 1777 Eumenidum
340 1713 450 1776 taedas
474 1718 564 1777 trans
587 1713 721 1777 flumina
744 1713 885 1799 Tigridis
909 1713 984 1798 egit.

168 1800 251 1865 Tum
274 1823 349 1865 vcro
374 1801 513 1865 cecidere
537 1802 636 1865 animi
659 1802 823 1885 tantisque
846 1801 997 1886 procellis
1066 1818 1118 1869 400

102 1890 273 1954 Deficiunt.
320 1889 429 1973 Saepti
454 1891 650 1954 latrantibus
673 1890 815 1974 undique
838 1890 933 1954 bellis

101 1978 249 2043 infensos
273 1978 402 2042 tandem
427 2000 560 2062 superos
585 1983 616 2042 et
641 1979 782 2043 consulis
807 2001 901 2043 omen

101 2067 272 2154 Agnovere
296 2068 359 2152 sui,
382 2089 441 2131 neo
464 2068 529 2131 iam
552 2067 733 2131 revocabile
757 2067 909 2131 damnum

100 2156 230 2221 Eventu
254 2157 373 2220 stolido
397 2178 504 2219 serum
528 2156 665 2219 didicere
687 2156 853 2241 magistro,

100 2245 248 2327 Namque
271 2246 379 2308 ferunt
403 2245 549 2330 geminos
572 2266 637 2308 uno
662 2244 700 2308 de
723 2244 843 2308 semine
866 2243 984 2307 fratres
1065 2261 1118 2311 400

101 2332 318 2417 Iapetionidas
341 2334 468 2419 generis
492 2333 667 2416 primordia
689 2333 794 2397 nostri

101 2422 260 2486 Dissimili
284 2423 415 2486 finxisse
439 2444 549 2486 manu:
574 2444 794 2505 quoscumque
816 2421 1029 2486 Prometheus

99 2511 254 2575 Exsoluit
276 2511 479 2594 multumque
502 2511 648 2575 innexuit
672 2511 802 2575 aethera
825 2511 917 2596 limo,

99 2600 144 2663 Hi
167 2601 263 2685 longe
286 2604 422 2663 ventura
444 2603 561 2663 notant
584 2599 754 2682 dubiisque
776 2599 882 2682 parati

101 2688 238 2752 Casibus
262 2692 435 2752 occurrunt
458 2688 551 2752 fabro
575 2688 707 2752 meliore
730 2689 833 2772 politi.
1064 2704 1116 2754 400

99 2777 266 2841 Βο1011010
290 2777 359 2840 luto
383 2799 502 2860 pravus
527 2799 608 2860 quos
632 2777 731 2841 edidit
755 2781 881 2861 auctor,

100 2865 201 2942 Quem
224 2866 340 2930 merito
365 2865 442 2929 Grai
465 2865 636 2949 perhibent
659 2865 852 2948 Epimethea
874 2869 979 2950 10100,

99 2954 144 3019 Et
167 2955 250 3018 nihil
274 2954 408 3018 aetherii
432 2955 550 3038 sparsit
572 2977 631 3038 per
653 2954 797 3017 membra
819 2954 956 3039 vigona,

99 3043 143 3107 Hi
167 3044 325 3126 pecudum
348 3044 414 3107 ritu
436 3065 503 3107 non
525 3042 743 3126 impendentis
765 3042 871 3106 vitant

98 3132 168 3198 Nec
191 3155 242 3199 res
266 3137 340 3196 ante
362 3132 487 3218 vident,
510 3136 641 3215 accepta
664 3131 752 3195 clade
777 3134 957 3214 queruntur
1064 3147 1116 3196 500

97 3221 143 3285 Et
168 3222 230 3285 0011
253 3225 416 3285 transacta
440 3225 582 3307 gemunt.

631 3308 700 3373 Iam
724 3308 793 3373 sola
816 3307 940 3372 renidet

169 3508 221 3558 489
241 3504 345 3575 serum]
366 3504 495 3574 Birtioc;
513 3518 614 3560 rerum.

889 3589 930 3646 Q*
