2438 3832
116 160 182 224 212
444 161 590 217 CLAVDII
607 162 807 219 CLAVDIANI
824 181 841 212 ·.

116 322 273 410 Ambigat
296 329 352 388 aut
376 325 464 389 caelo
488 325 613 391 dubitet
635 348 747 410 parere
769 327 932 392 vocanti?

185 411 238 477 Sic
261 412 307 477 ait
329 413 544 498 hortatusque
567 437 643 479 suos
667 416 817 500 belloque
840 417 974 500 viaeque
1079 434 1133 484 550

116 501 240 566 Instrui
240 500 345 567 rhu
346 503 467 567 tollunt
453 507 591 568 tvanos
615 505 744 568 oracula
766 506 880 570 fastus

116 590 144 656 O
169 613 295 676 semper
316 591 416 656 tacita
439 596 543 656 sortes
567 593 702 694 ambage
724 594 885 696 malignae

115 679 223 745 Event
209 684 309 763 tuque
331 685 445 764 patens
469 685 502 745 et
523 682 632 746 nescia
653 687 708 746 vat
694 682 815 746 tibus
805 683 886 767 ipsis

114 766 194 833 Veri
218 790 289 833 sera
311 769 403 834 fides!
439 770 597 871 Ligurum
619 771 756 872 regione
773 794 923 856 suprema
976 800 979 805 ·

115 857 267 922 Pervenit
291 858 331 921 ad
353 858 489 923 fluvium
511 859 585 923 miri
609 881 646 924 co
694 860 810 924 ominis
834 859 988 946 Vr'bem,
1079 878 1132 927 555

116 945 161 1011 At
147 951 225 1030 tque
248 945 316 1011 illic
339 946 441 1013 domit
426 952 481 1013 tus
503 949 559 1012 vix
581 883 711 1013 tandum
733 949 909 1050 interprete
933 912 1008 1014 eas'u

116 1035 262 1122 Agnovit
286 1035 392 1100 dubiis
415 1037 533 1101 inlusa
544 1037 702 1102 vocabula
725 1038 783 1102 fat
759 1042 811 1103 tis

181 1124 340 1190 Necnon
363 1129 395 1188 et
381 1125 555 1190 Stilicho
578 1149 721 1227 pugnam
728 1127 913 1279 dolentia
932 1127 1034 1192 movit

111 1213 217 1278 Pleno
241 1218 347 1284 castra
369 1214 490 1316 gradun
495 1215 812 1302 dict't1squeinstigat
835 1220 961 1280 euntes:
1111 1220 1112 1223 ’

116 1302 224 1367 Nunc
246 1325 345 1388 nunc,
369 1325 387 1367 o
412 1303 505 1390 socii,
528 1308 701 1368 temeratae
724 1305 841 1368 sumite
863 1304 994 1368 tandem
1076 1320 1130 1371 550

117 1390 231 1455 Italiae
254 1413 388 1477 poenas,
412 1392 537 1456 obsessi
559 1393 715 1476 principis
739 1393 836 1456 armis

90 1481 277 1545 ·Excusate
300 1480 391 1544 nefas
415 1480 680 1565 deploratumque
703 1481 836 1546 Timavo

114 1568 243 1632 Vulnus
267 1572 299 1632 et
322 1567 479 1652 Alpinum
501 1569 618 1656 gladiis
642 1570 769 1634 abolete
792 1569 955 1654 pudorem.

114 1657 178 1721 Hic
201 1661 264 1741 est,
288 1679 384 1740 quem
406 1659 526 1722 totiens
551 1659 671 1742 campis
695 1659 825 1723 fudistis
848 1658 996 1743 Achivis,

13 1780 16 1787 ›
93 1745 218 1823 -Quem
241 1746 363 1811 discors
387 1746 532 1830 odiisque
555 1768 672 1831 anceps
696 1747 844 1812 civilibus
868 1747 970 1833 orbis,
1078 1763 1131 1813 505

114 1834 192 1899 Non
215 1857 272 1898 sua
295 1835 344 1899 vis
367 1839 474 1900 tutata
498 1836 566 1921 diu,
589 1836 666 1900 dum
688 1836 817 1901 foedera
840 1837 941 1900 fallax

113 1923 212 1988 Ludit
236 1928 267 1987 et
290 1924 432 1988 alternae
455 1924 595 2008 periuria
617 1925 762 1990 venditat
785 1925 884 1990 aulae.

116 2012 243 2076 Credite
266 2035 352 2076 nunc
375 2035 499 2098 omnes,
522 2036 602 2096 quas
626 2013 695 2077 dira
717 2014 886 2078 Britannia
909 2017 1036 2100 gentes,

116 2100 202 2177 Quas
225 2101 351 2188 Hister,
371 2125 454 2186 'quas
477 2102 610 2166 Rhenus
634 2103 706 2188 alit,
729 2103 865 2186 pendere
888 2107 1018 2186 paratas

116 2189 156 2254 In
178 2190 333 2274 speculis:
356 2213 421 2259 uno
445 2195 496 2256 tot
518 2191 642 2275 proelia
664 2192 782 2256 vincite
805 2191 901 2255 belle.
1076 2208 1131 2258 570

114 2279 297 2343 Romanum
319 2284 465 2364 reparate
489 2280 585 2344 decus
607 2281 788 2364 molemque
810 2279 952 2344 labantis

114 2366 245 2452 Imperii
268 2368 380 2432 fulcite
402 2369 535 2454 umeris,
558 2368 611 2432 hic
635 2370 742 2433 omnia
766 2391 897 2452 campus
970 2381 971 2384 ’

113 2456 280 2540 Vindicat,
303 2456 381 2520 haec
404 2457 523 2522 mundo
546 2479 658 2541 pacem
680 2457 816 2521 uictoria
840 2457 951 2523 sancit.

114 2544 192 2609 Non
214 2545 249 2608 in
271 2545 428 2608 Threiciis
450 2545 566 2610 Haemi
591 2546 789 2613 decernimus
813 2546 895 2611 oris·

113 2633 183 2699 Nec
206 2654 307 2716 super·
324 2632 468 2717 Alpheas
491 2635 675 2699 umbrantia
698 2635 846 2699 Maenala
869 2636 956 2719 ripas
1078 2652 1131 2702 575

116 2721 343 2808 Constitimus3
365 2745 432 2788 non
453 2723 518 2791 hic,
530 2723 659 2810 Tegean
680 2723 852 2811 Argosque
874 2728 1018 2788 tuemur:
1079 2805 1082 2809 .

114 2811 303 2876 Visceribus
326 2812 440 2875 mediis
463 2812 599 2896 ipsoque
622 2814 657 2876 in
679 2813 773 2877 eorde
795 2813 913 2877 videtis
998 2841 1002 2850 ·
1103 2864 1107 2872 .

114 2902 207 2965 Bella
231 2901 308 2987 geri.
345 2900 476 2965 Patrem
499 2902 611 2984 clipeis
635 2901 795 2966 defendite
818 2901 996 2984 Thybrim?

115 2990 207 3054 Talia
229 3012 315 3053 nunc
338 2989 452 3075 pediti,
475 2988 600 3053 turmae
622 3012 708 3079 nunc
730 2991 852 3054 mixtus
876 2991 1019 3074 equestri

116 3079 212 3143 Dicta
236 3079 341 3143 dabat.
1053 3156 1059 3168 .
1157 3138 1159 3142 Α

375 3166 479 3232 Simul
502 3168 643 3231 externis
666 3172 837 3253 praecepta
860 3169 984 3233 ferebat
1079 3187 1132 3236 550

84 3272 90 3290 ⁴
115 3255 264 3321 Auxiliis.
301 3255 375 3320 Ibat
397 3255 524 3340 patiens
548 3256 683 3321 dicionis
705 3256 844 3343 Alanus,

72 3415 75 3419 ,
117 3344 340 3422 Quanostrae
363 3345 485 3409 iussere
507 3345 621 3431 tubae,
643 3351 844 3430 mortemque
867 3346 1038 3431 petendam

118 3472 331 3480 *μυ-...-

176 3545 232 3592 553
249 3537 365 3614 nescia]
385 3540 559 3614 (frenesiam
576 3519 671 3596 noxia
