2438 3832
102 126 180 181 XLII
376 125 659 181 ADNOTATIONES
679 125 853 180 CRITICAE.

71 349 75 356 ⁵
101 291 157 340 357
178 286 284 341 Classis
302 286 391 356 torva]
411 285 452 339 sic
471 285 577 354 optime
597 284 794 354 difficultates,
817 301 903 353 quam
921 289 1018 341 movet
1035 285 1123 342 lectio

175 357 290 425 tradita,
310 355 459 410 sustulisse
477 356 519 412 Bi.
539 356 658 425 videtur,
679 372 761 424 quem
779 355 845 411 vide
863 374 891 426 p.
908 356 976 411 CXI.

101 433 155 482 358
174 428 234 499 Aa]
254 445 288 481 ex
305 427 359 481 Em
378 430 407 482 et
425 432 449 481 A
466 428 548 482 unice
567 426 760 496 recipiendum
779 444 841 481 esse
860 427 964 482 docent
984 428 1072 483 verba
1089 431 1123 484 in

172 517 265 570 poppe
283 515 356 567 quae
374 498 554 568 praecedunt.

347 661 396 724 De
420 664 511 725 sexto
535 660 706 725 consulatu
728 659 875 725 Honorii.

119 787 154 836 48
173 781 313 852 Arvaque]
333 781 435 849 quibus
454 782 489 835 de
508 780 601 835 causis
618 798 668 850 pro
682 799 799 852 aeraque
813 781 988 852 coniecerim,
1008 783 1123 853 exposi-

173 855 234 906 tum
252 851 379 906 invenies
397 852 429 906 in
443 851 592 922 Philologo
610 854 677 907 tom.
693 853 781 908 XLIX
799 871 827 922 p.
843 858 903 908 746.

120 928 155 977 54
172 925 289 1048 mima
324 921 430 1046 issupple
458 940 499 991 ας,-
527 923 563 979 cf.
591 922 626 977 de
654 923 748 994 ellipsi
775 923 854 978 verbi
881 941 935 980 coac
963 924 1004 979 Bi.
1028 925 1119 995 praef.

119 1070 153 1119 95
172 1012 287 1136 icniorc]
308 1063 342 1117 of.
362 1063 403 1119 Bi.
421 1063 545 1118 indicem
564 1082 585 1120 s.
600 1084 625 1120 v.

103 1140 154 1192 158
172 1137 289 1207 sorores]
309 1135 355 1189 vix
375 1135 516 1190 abstinere
535 1137 624 1206 potui,
644 1135 712 1204 quin
731 1153 765 1189 ex
782 1135 808 1187 V
826 1134 982 1205 reciperem
996 1139 1118 1204 tortoris,-

172 1208 211 1260 sic
236 1208 310 1260 enim
336 1206 360 1259 si
382 1206 582 1276 praedicantur
605 1206 696 1276 chori,
724 1205 790 1261 novi
818 1206 928 1275 aliquid
951 1206 1045 1261 sensui
1069 1209 1118 1261 ad·

172 1276 281 1332 crescit.
310 1279 409 1332 contra
421 1294 525 1333 sorores
538 1277 611 1331 nihil
626 1279 669 1332 est
682 1276 739 1330 nisi
753 1277 877 1332 solemne
892 1278 922 1331 et
936 1278 1118 1334 decantatum

172 1350 367 1401 ornamentum
391 1348 593 1418 Nympharum.
631 1347 756 1402 abstinui
779 1351 888 1416 tamon,
914 1365 980 1402 nam
1004 1349 1119 1404 videtur

173 1435 240 1472 sanc
263 1435 372 1473 sonores
395 1417 605 1488 corruptelam
628 1420 650 1473 P
674 1418 800 1472 indicare
824 1436 930 1475 sorores
951 1419 1118 1490 primariam

170 1488 322 1543 lectionem
340 1489 437 1558 fuisse,
456 1489 522 1544 inde
540 1493 647 1546 sonoris
665 1507 726 1544 esse
745 1489 885 1546 effectum.

97 1564 152 1614 204
171 1561 229 1615 Hic
246 1577 344 1615 rcrrsua
361 1561 439 1631 dum]
458 1560 493 1614 de
511 1559 737 1630 interpunctione
756 1560 839 1615 huius
853 1559 910 1616 loci
925 1563 1040 1631 exposui
1054 1563 1118 1618 loco

169 1631 253 1685 modo
274 1631 361 1686 citato
380 1650 407 1700 p.
423 1636 482 1686 747.

98 1704 152 1755 238
170 1703 302 1772 consedit]
323 1704 441 1758 considit
459 1703 495 1756 ab
513 1702 537 1756 Ε
556 1701 692 1772 scriptum
711 1719 772 1756 esse
788 1702 831 1759 Bi.
846 1702 929 1758 testis
944 1706 1000 1769 est;
1018 1705 1117 1759 tamen

169 1771 292 1841 praetuli
309 1773 478 1841 perfectum
506 1775 582 1827 certe
605 1776 678 1827 enim
702 1790 764 1827 eam
786 1774 867 1828 verbi
889 1773 963 1829 finiti
985 1773 1114 1845 formam,

171 1860 243 1912 quae
262 1843 402 1898 artissime
420 1843 487 1898 huic
506 1844 540 1898 de
560 1861 615 1913 quo
635 1843 730 1914 agitur
747 1844 833 1899 verbo
851 1861 924 1899 nexa
941 1847 992 1915 est,
1011 1863 1115 1902 morere

170 1934 196 1970 v.
212 1920 264 1969 246
283 1914 313 1967 in
331 1915 430 1969 codem
448 1914 569 1985 perfecti
587 1919 713 1984 tempore
731 1914 854 1984 positam
873 1915 1009 1971 videmus.

97 1990 149 2039 291
170 1986 261 2057 Haec]
277 1985 317 2039 sic
327 1985 401 2055 dedi,
416 1986 544 2055 quamvis
557 1986 673 2041 minima
686 1986 822 2040 librorum
833 1987 1003 2042 auctoritate
1017 1987 1115 2042 fultus.

169 2074 235 2110 nam
253 2059 403 2125 postquam
422 2057 619 2128 Appenninum
638 2060 763 2112 montem
784 2074 835 2126 per
854 2063 1011 2112 excursum
1023 2057 1115 2113 fusius

171 2127 321 2196 descripsit
329 2127 468 2197 Alaricus,
483 2129 532 2184 ubi
541 2128 734 2183 narrationem
743 2128 927 2198 redintegrat,
942 2130 978 2182 ad
988 2132 1114 2184 montem

169 2197 308 2268 respicere
322 2216 379 2253 non
392 2202 505 2270 poterat
518 2200 634 2255 vocibus
644 2217 698 2270 per
710 2202 779 2272 iupa
792 2199 848 2253 nisi
862 2199 987 2255 addebat
1000 2201 1116 2255 demon·

171 2270 320 2324 strativum
338 2272 410 2326 hoec.
815 2309 819 2316 ·

96 2344 150 2394 297
160 2357 201 2409 sq.
221 2341 433 2396 interlocutoria
447 2357 509 2396 esse
520 2342 606 2397 verba
617 2343 664 2397 scd
674 2343 797 2413 pipnora
811 2384 817 2397 .
829 2383 853 2397 ..
868 2343 975 2397 borbat
983 2341 1115 2412 graviore

168 2410 396 2535 interppnctione
410 2411 534 2467 indicare
549 2415 665 2468 conatus
681 2431 750 2467 sum.
779 2412 814 2466 de
828 2414 906 2468 nobis
920 2413 955 2467 cf.
966 2413 1002 2466 ad
1014 2414 1114 2468 Eutro-

168 2481 247 2551 pium
287 2487 329 2537 23.

96 2553 429 2624 310atpae10ctincm
452 2553 582 2608 meliores
600 2553 698 2622 VPH‚
726 2554 840 2622 qualem
865 2553 979 2621 quidem
1001 2553 1113 2608 hiatum

169 2626 235 2691 post
254 2622 488 2679 exclamationem
506 2642 644 2692 nusquam
663 2624 734 2679 alibi
753 2625 808 2679 sibi
822 2623 963 2679 concessit
976 2627 1062 2694 poeta
1077 2624 1113 2681 cf.

82 2761 83 2764 Ἴ
168 2694 203 2747 de
222 2693 305 2748 hiatu
323 2694 365 2751 Bi.
384 2696 472 2765 praef.
490 2715 517 2765 p.
534 2695 637 2750 CCXV.

95 2769 149 2818 320
167 2767 300 2846 tetendit]
312 2766 388 2834 quod
406 2764 496 2821 multo
514 2766 631 2821 meliore
650 2766 821 2821 auctoritate
839 2766 979 2837 innititur,
997 2769 1115 2822 nonest

168 2853 217 2890 cur
233 2852 392 2892 reic1amus.

95 2911 154 2959 365
167 2910 291 2976 nominc]
310 2907 365 2962 hoc
382 2907 488 2977 primus
507 2907 645 2962 Gesnorus
663 2911 763 2963 contra
785 2908 920 2963 librorum
943 2925 1112 2964 consensum

167 2977 255 3032 tacite
275 2978 456 3048 supposuisse
474 2977 601 3048 videtur,
621 2979 697 3048 quod
715 2979 840 3049 Ieepium
859 2980 929 3035 adeo
948 2978 1113 3049 refellitur

167 3048 198 3102 id
215 3048 309 3118 ipsum
322 3067 373 3119 pro
387 3050 523 3104 librorum
536 3049 792 3120 manuscriptorum
805 3049 926 3105 lectione
941 3049 1111 3107 venditaret.

166 3119 275 3175 habent
292 3126 367 3176 certe
386 3137 483 3176 omnes
500 3120 567 3175 libri
580 3120 710 3191 impressi
724 3139 794 3191 quos
808 3121 919 3191 inspexi
933 3121 1111 3190 maximeque

166 3190 299 3248 Heinsius
314 3195 343 3246 et
351 3191 527 3246 Burmannus
536 3195 645 3248 nominc
658 3209 750 3262 neque
761 3192 837 3262 apud
847 3191 989 3260 Clerqium
999 3191 1111 3247 differre

166 3262 317 3317 lectionem
336 3266 496 3319 adnotatur.
526 3266 634 3319 nominc
652 3269 749 3318 autom
766 3263 851 3317 nimis
870 3262 988 3317 obscure
1007 3262 1041 3317 de
1056 3262 1108 3316 im-

165 3337 296 3403 peratore
315 3334 507 3404 praedicatur,
526 3351 611 3403 quem
629 3336 721 3389 lucem
740 3352 777 3389 so.
797 3333 894 3388 mundi
912 3337 998 3388 antea
1015 3352 1040 3388 v.
1056 3338 1112 3388 364

165 3404 309 3472 praeclare
329 3405 438 3460 dixerat
456 3408 549 3474 poeta.
581 3409 693 3461 naurire
712 3404 736 3459 si
755 3405 867 3476 legitur,
886 3404 943 3459 iam
962 3421 1052 3472 nemo,
1073 3404 1108 3459 de

165 3493 222 3543 quo
240 3474 271 3528 id
290 3475 398 3531 dictum
417 3475 463 3544 sit,
482 3475 633 3532 dubitabit.
