2438 3832
15 198 17 204 ,
128 156 194 221 254
452 153 598 210 CLAVDII
617 153 814 210 CLAVDIANI

514 350 610 406 xcvi.
631 352 760 420 (cxxc.)

362 484 415 543 DE
440 482 660 543 OHLAMYDJr
683 484 735 543 ΕΤ
758 483 911 544 FRENIS.

173 605 250 670 Non
274 624 399 688 semper
422 601 516 687 clipei
538 602 744 667 metuendum
767 603 920 689 gentibus
943 604 1054 668 orbem

128 693 261 758 Dilecto
282 692 427 757 studiosa
449 712 565 776 parens
588 691 768 755 fabricabat
790 689 931 778 Achilli,'

128 781 262 847 lemnia
284 802 343 846 neo
367 802 491 864 semper
515 780 650 864 supplex
673 780 814 845 ardentis
838 781 947 846 adibat

129 871 234 935 Antra
258 871 307 934 dei
329 873 407 934 nato
430 869 555 955 galeam
579 869 703 932 factura
727 874 919 956 comantem,

131 959 193 1024 Sed
214 959 358 1044 placidos
382 958 480 1022 etiam
503 957 627 1021 cinctus
651 962 682 1022 et
705 957 798 1022 mitia
822 959 912 1043 pacis
1127 976 1141 1024 5

130 1047 325 1113 Ornamenta
349 1047 459 1132 dabat,
481 1046 568 1111 bello
592 1046 710 1131 quibus
734 1047 789 1111 ille
811 1053 942 1131 peracto

131 1137 332 1222 Conspicuus
354 1158 446 1222 reges
468 1135 554 1200 inter
575 1135 714 1221 fulgeret
736 1134 888 1201 Achivos.

129 1225 205 1311 Ipsa
227 1248 324 1290 manu
348 1224 531 1310 chlamydes
555 1228 644 1289 ostro
667 1224 797 1288 texebat
821 1228 853 1289 et
876 1247 969 1311 auro,

128 1315 305 1400 Frenaque,
324 1335 405 1398 quae
421 1314 584 1378 volucrem
597 1313 764 1377 Xanthum
776 1313 967 1398 Baliumque
986 1315 1144 1401 decerent,

129 1402 278 1487 Aequore
303 1401 458 1485 quaesitis
482 1402 636 1466 onerabat
660 1402 769 1466 sedula
792 1403 936 1489 gemmis.
1109 1422 1142 1469 10

196 1491 242 1556 At
264 1491 327 1555 tibi
351 1490 497 1571 diversis,
520 1490 668 1574 princeps
692 1490 862 1576 altissime,
885 1496 1008 1556 certant

131 1579 303 1664 Obsequiis
327 1578 437 1643 soceri.
476 1577 612 1642 Stilicho
634 1578 794 1643 Mavortia
818 1581 941 1644 confert

129 1669 277 1734 Munera:
300 1666 484 1732 barbaricas
509 1671 633 1752 strages
656 1667 824 1751 Rhenique
847 1668 1037 1754 triumphos.

130 1758 273 1845 Reginae
297 1760 447 1821 contenta
469 1756 599 1820 modum
623 1777 748 1820 servare
772 1755 890 1822 Serena

128 1847 168 1912 In
190 1852 246 1912 tua
270 1845 427 1910 sollicitas
450 1849 544 1931 urget
566 1844 725 1908 velamina
747 1845 837 1910 telas.
1109 1866 1141 1912 15

500 2018 609 2075 xcur.
628 2018 772 2090 (uxxru.)

404 2153 458 2211 DE
482 2150 588 2222 EQVO
611 2149 723 2211 DONO
746 2150 864 2211 DATO.

197 2270 223 2336 Ο
247 2271 326 2336 felix
350 2271 491 2356 sonipes,
514 2271 598 2334 tanti
621 2271 672 2334 cui
695 2270 785 2334 frena
807 2272 921 2335 mereri

129 2361 282 2426 Numinis
305 2364 338 2423 et
362 2360 460 2423 sacris
483 2359 576 2423 licuit
600 2359 717 2423 servire
740 2359 874 2444 lupatiS,

130 2449 192 2515 Seu
215 2453 272 2512 tua
294 2469 352 2531 per
375 2468 504 2531 campos
527 2451 623 2511 vento
647 2447 723 2512 iuba
745 2448 824 2512 lusit
846 2447 1000 2535 Hiberos,

130 2537 193 2602 Seu
215 2541 248 2601 te
273 2536 497 2620 Cappadocum
519 2536 625 2622 gelida
648 2536 708 2600 sub
731 2537 815 2601 valle
836 2541 1002 2602 natantem

128 2625 274 2713 Argaeae
297 2626 403 2690 lavore
425 2625 529 2709 nives,
553 2646 609 2688 seu
631 2624 716 2688 laeta
739 2624 866 2689 solebas
1122 2646 1137 2693 5

128 2714 312 2779 Thessaliae
335 2714 446 2798 rapido
469 2713 684 2799 perstringere
706 2734 825 2797 pascua
848 2735 956 2779 cursu:

128 2803 246 2888 Accipe
269 2803 393 2889 regales
417 2802 523 2866 cultus
546 2805 578 2866 et
602 2802 687 2866 crine
711 2801 868 2885 superbus

40 2933 43 2940 ·
127 2893 245 2957 Erecto
268 2892 386 2956 virides
409 2892 531 2975 spumis
553 2890 707 2974 perfimde
731 2890 925 2977 smaragdos.

127 2981 305 3045 Luxurient
328 2980 452 3045 tumido
475 2983 636 3067 gemmata
658 2979 791 3044 monilia
814 2981 912 3065 collo,

128 3069 258 3135 Nobilis
282 3074 412 3133 auratos
434 3069 498 3132 iam
520 3091 662 3152 purpura
684 3068 802 3132 vestiat
825 3090 944 3154 armos,
1105 3087 1139 3137 10

129 3160 174 3224 Et
196 3158 336 3222 medium
358 3162 391 3222 te
413 3179 493 3221 zona
516 3157 596 3243 liget
619 3158 741 3221 variata
765 3156 908 3221 colorum

128 3247 280 3312 Floribus
304 3251 335 3310 et
359 3251 465 3310 castae
487 3245 636 3310 manibus
660 3246 773 3310 sudata
796 3243 945 3331 Serenae,

129 3337 299 3401 Persarum
322 3335 442 3421 gentile
466 3335 568 3398 decus.
606 3333 659 3400 Sic
683 3335 800 3418 quippe
823 3334 950 3398 laborat

128 3426 284 3490 Matcmis
309 3424 424 3488 studiis
446 3446 504 3488 nec
528 3423 718 3509 dedignatur
740 3428 903 3506 equestres

110 3513 232 3578 Moliri
247 3514 407 3599 phaleras
430 3535 551 3606 genero
574 3513 681 3580 latura
702 3513 855 3580 decorem.
1106 3531 1139 3580 16

15 3684 26 3799 l
