2438 3832
104 174 167 239 166
430 173 578 228 CLAVDII
596 172 796 229 CLAVDIANI

101 335 174 421 Ipse
198 336 282 400 albis
304 337 474 401 veheretur
496 338 587 421 equis
611 359 802 421 currumque
826 341 955 401 secutus
1084 356 1121 406 20

100 426 313 512 Laurigerum
336 426 419 490 festo
443 427 627 491 fremuisset
650 427 790 490 carmine
813 426 914 491 miles.

100 514 146 579 Hi
169 514 309 579 famulos
332 515 497 579 traherent
520 537 626 602 reges3
648 515 684 580 hi
706 516 793 579 facta
815 515 948 579 metallo

102 603 227 688 Oppida
250 603 302 668 vel
324 608 451 669 montes
475 605 664 688 captivaque
687 604 820 668 flumina
843 604 972 668 ferrent.

100 691 187 757 Hinc
208 692 323 776 Libyci
346 694 458 757 fractis
482 694 630 780 lugerent
654 693 806 758 cornibus
829 715 952 779 amnes3

100 780 179 845 Inde
203 785 350 846 catenato
374 787 515 869 gemeret
539 781 710 847 Germania
733 782 857 847 Rheno.
1081 801 1118 851 25

100 869 253 946 Sednon
275 871 455 935 inmodicus
477 872 602 955 proprii
624 872 762 936 iactator
784 871 917 936 honoris

101 958 237 1044 Consul,
260 958 377 1046 Roma,
400 964 485 1024 tuus.
522 959 599 1026 Non
621 961 715 1025 illum
737 961 879 1044 praemia
902 963 1030 1025 tantum

100 1047 204 1125 Quam
227 1048 321 1113 labor
342 1050 412 1133 ipse
434 1049 537 1135 iuvat3
562 1050 716 1134 strepitus
739 1049 864 1113 fastidit
887 1051 999 1114 inanes

99 1136 201 1221 Inque
225 1137 340 1202 animis
363 1138 532 1204 hominum
554 1161 673 1222 pompa
695 1139 828 1202 meliore
850 1138 1039 1223 triumphet.

165 1226 243 1291 Non
265 1227 365 1291 alium
389 1232 473 1292 certe
496 1227 660 1292 Romanae
685 1227 802 1291 clarius
825 1249 914 1292 arces
1081 1245 1117 1293 30

100 1314 275 1398 Suscepere
300 1316 424 1401 ducem,
448 1339 507 1381 nec
530 1339 603 1381 cum
627 1317 757 1381 cedente
780 1317 898 1381 rediret

98 1403 266 1468 Fabricius
289 1404 416 1488 Pyrrho
438 1427 497 1469 nec
521 1427 594 1470 oum
618 1405 778 1489 Capitolia
802 1427 898 1470 curru

99 1492 246 1557 Pellaeae
270 1493 410 1558 domitor
431 1493 565 1558 Paullus
590 1495 817 1559 conscenderet
840 1495 940 1558 aulae.

98 1581 168 1646 Nec
192 1581 306 1645 similis
329 1582 439 1646 Latias
462 1583 614 1666 patefecit
638 1583 743 1670 gloria
765 1587 877 1668 portas
912 1625 914 1628 -

98 1669 179 1734 Post
202 1668 360 1734 Numidas
383 1671 501 1757 Mario,
524 1676 600 1756 post
624 1673 758 1737 classica
781 1672 896 1736 Martis
919 1671 982 1735 Eoi
1081 1688 1116 1737 35

97 1758 261 1843 Pompeio.
298 1758 390 1824 Nulli
413 1783 488 1844 pars
512 1762 638 1826 aemula
661 1762 763 1825 definit
786 1782 952 1845 umquam,

100 1846 187 1924 Quae
211 1849 319 1934 gravis
343 1850 543 1933 obstreperet
566 1849 667 1934 laudi,
691 1850 895 1932 stimulisque
917 1849 1070 1935 malignis

97 1935 197 2000 Facta
221 1937 415 2021 sequebatur
439 1939 585 2022 quamvis
608 1938 752 2025 ingentia
775 1938 871 2002 livor:

99 2025 195 2090 Solus
219 2026 271 2090 hio
294 2026 432 2097 invidiae
455 2028 536 2091 fines
559 2028 678 2092 virtute
702 2027 834 2109 reliquit

97 2114 348 2199 Humanumque
371 2116 510 2180 modum.
550 2115 628 2192 quis
652 2117 737 2179 enim
755 2115 907 2179 livescere
926 2115 1044 2201 possit,
1079 2133 1114 2181 4ο

98 2202 192 2280 Quod
214 2226 390 2287 numquam
413 2209 545 2288 pereant
570 2204 704 2268 stellae?
728 2202 815 2287 quod
836 2200 983 2287 Iuppiter
1007 2204 1086 2267 olim

96 2292 266 2357 Possideat
290 2293 435 2357 caelum?
460 2293 547 2376 quod
568 2293 695 2357 noverit
720 2291 826 2356 omnia
849 2291 1031 2355 Phoebus?

96 2381 159 2445 Est
183 2381 316 2464 aliquod
337 2381 444 2444 meriti
468 2381 622 2465 spatium,
646 2381 733 2463 quod
754 2381 845 2444 nulla
868 2380 1006 2444 furentis

96 2468 240 2535 Invidiae
263 2490 413 2533 mensura
436 2470 530 2553 capit.
565 2469 765 2534 Ductoribus
788 2469 855 2533 illis

96 2558 267 2623 Praeterea
291 2558 435 2622 diversus
459 2562 527 2622 erat
550 2558 654 2623 favor:
678 2559 811 2642 aequior
832 2557 888 2623 ille
1079 2575 1114 2623 45

96 2646 251 2712 Patribus
272 2647 407 2712 invisus·
420 2646 521 2732 plebi3
543 2647 755 2731 popularibus
778 2647 827 2712 illi

97 2735 225 2800 Munito
250 2736 365 2801 studiis
388 2736 564 2823 languebat
588 2737 693 2823 gratia
715 2741 853 2820 patrum:

98 2823 211 2889 Omnis
234 2826 269 2890 in
291 2826 361 2890 hoc
376 2847 441 2889 uno
464 2826 569 2890 variis
586 2826 745 2891 discordia
768 2827 864 2891 cessit

98 2911 287 3000 Ordinibus3
309 2915 450 2978 laetatur
473 2936 570 2998 eques
592 2915 782 2999 plauditque
805 2919 935 2979 senator

96 3001 247 3086 Votaque
269 3003 406 3086 patricio
430 3007 554 3068 certant
575 3003 702 3087 plebeia
725 3004 836 3068 favori.
1079 3020 1115 3070 50

165 3089 192 3154 Ο
216 3091 294 3155 felix
318 3096 444 3157 servata
466 3096 561 3157 vocat
585 3114 681 3176 quem
703 3092 807 3156 Roma
830 3093 1009 3175 parentem!

97 3178 125 3244 Ο
149 3181 260 3246 mundi
284 3182 462 3245 communis
490 3203 593 3266 amor,
617 3182 668 3245 oui
690 3181 810 3245 militat
834 3181 939 3244 omnis

98 3267 217 3356 Gallia,
241 3293 336 3354 quem
359 3293 472 3357 regum
495 3269 647 3334 thalamis
670 3269 829 3353 Hispania
851 3270 952 3335 nectit

99 3356 198 3422 Cuius
221 3364 253 3423 et
276 3360 449 3424 adventum
473 3358 592 3423 crebris
615 3359 736 3442 petiere
760 3358 902 3435 Quirites

95 3445 242 3511 Vocibus
266 3452 297 3512 et
320 3470 438 3535 genero
462 3448 579 3512 meruit
602 3452 786 3532 praestante
811 3449 956 3513 senatus!
1078 3465 1113 3515 5⁶

123 3533 161 3598 'en
184 3536 236 3602 sie
260 3536 446 3627 virginibus
470 3538 583 3628 flores,
603 3559 674 3604 non
693 3538 843 3626 frugibus
866 3537 1000 3623 imbres,
