2438 3832
115 153 160 217 98
443 151 591 208 CLAVDII
610 151 809 208 CLAVDIANI

116 316 236 381 Vimen
259 319 328 380 crat
352 314 427 378 dum
451 318 567 402 stagna
591 315 693 400 subit,
715 320 916 400 processerat
938 315 1048 381 undis:
1085 333 1138 384 111

119 405 252 471 Gemma
275 404 346 468 fuit

387 491 501 558 Nudae
524 493 682 557 Venerem
705 493 832 558 cinxere
856 498 1001 558 catervae

117 582 376 665 Plaudentesque
400 581 498 646 simul
520 582 580 647 tali
604 604 676 646 cum
699 604 777 646 voce
800 587 991 665 sequuntur:

118 671 200 736 ‘Hos
224 671 346 735 Mariae
370 672 490 755 cultus,
512 671 591 734 haec
613 693 747 735 munera
768 676 881 735 nostra
903 693 1073 755 precamur

117 761 261 847 Reginae
284 759 397 846 regina
419 760 512 823 feras.
558 759 619 822 Dic
641 759 722 823 talia
743 782 921 843 numquam

116 849 338 916 Promeruissc
361 847 490 912 Thetim
512 869 572 912 nec
595 871 667 912 cum
691 870 782 913 soror
804 848 1004 932 Amphitrite
1083 866 1135 917 1⁷5

116 939 240 1004 Nostro
263 941 365 1021 nupta
387 935 466 1001 Iovi.
513 937 674 1001 Devotum
698 938 817 1002 sentiat
841 960 973 1022 aequor,

116 1028 284 1114 Agnoscat
306 1026 464 1089 famulum
487 1025 579 1111 virgo
605 1025 798 1090 Stilichonia
820 1032 965 1110 pontum.

116 1116 277 1181 Victrices
299 1137 360 1179 nos
384 1136 478 1199 saepe
501 1119 587 1178 rates
611 1115 810 1198 classemque
832 1119 1000 1200 paternam

115 1204 287 1290 Veximus,
311 1203 433 1268 attritis
458 1226 530 1268 cum
552 1203 698 1268 tenderet
720 1203 809 1267 ultor
831 1203 985 1268 Achivis'

181 1293 251 1358 Iam
273 1293 432 1378 Ligurum
454 1292 551 1356 terris
575 1292 758 1377 spumantia
780 1297 911 1376 pectora
929 1292 1045 1357 Triton
1082 1309 1134 1358 180

115 1382 295 1466 Adpulerat
318 1382 486 1463 lassosque
509 1381 602 1444 fretis
626 1381 812 1445 extenderat
836 1381 938 1445 orbes

117 1471 278 1535 Continuo
303 1469 441 1533 sublime
464 1470 578 1533 volans
602 1470 642 1532 ad
664 1469 790 1534 moenia
815 1469 919 1535 Gallis

117 1559 269 1644 Condita,
292 1557 430 1644 lanigeri
455 1557 523 1628 suis
547 1559 745 1622 ostentantia
767 1559 899 1643 pellem,

114 1647 274 1712 Pervenit.
319 1646 471 1711 Adventu
494 1647 631 1711 Veneris
653 1646 782 1730 pulsata
805 1646 957 1711 recedunt

114 1736 251 1821 Nubila,
275 1735 454 1799 clarescunt
477 1736 568 1820 puris
590 1735 811 1818 Aquilonibus
833 1735 942 1820 Alpes
1080 1753 1131 1802 185

115 1825 274 1890 Laetitiae
298 1846 412 1888 causas
435 1825 565 1910 ignorat
590 1824 694 1888 dicere
716 1824 810 1888 miles

112 1914 331 1996 Laetaturque
353 1918 475 1998 tamen,
498 1913 660 1977 Mavortia
683 1913 777 1999 signa
799 1913 974 1977 rubescunt

111 2001 265 2067 Floribus
289 2007 320 2066 et
345 2001 463 2065 subitis
488 2002 673 2066 animantur
694 2001 865 2066 frondibus
888 2002 1008 2066 hastae.

113 2090 175 2156 Illa
199 2114 293 2155 suum
317 2090 413 2155 dictis
437 2091 565 2155 adfatur
587 2090 710 2154 talibus
733 2112 861 2176 agmen:

180 2179 382 2264 eGradivum,
404 2180 510 2244 nostri
534 2179 681 2264 comites,
704 2183 809 2243 arcete
831 2201 1016 2264 parumper,
1079 2198 1129 2247 190

111 2267 158 2333 Vt
182 2270 244 2333 soli
267 2273 359 2333 vacet
383 2268 457 2332 aula
479 2266 568 2331 mihi.
614 2267 733 2332 Procul
755 2268 870 2354 igneus
892 2267 1008 2332 horror

112 2356 307 2441 Thoracum,
331 2357 521 2442 gladiosque
543 2360 634 2441 tegat
656 2356 775 2442 vagina
797 2356 947 2421 minaces.

113 2445 206 2509 Stant
229 2445 413 2508 bellatrices
437 2444 565 2527 aquilae
589 2445 738 2527 saevique
762 2445 929 2529 dracones3

110 2533 174 2598 Fas
198 2533 242 2597 sit
266 2537 373 2596 castra
396 2533 476 2597 meis
500 2532 595 2597 hodie
620 2533 825 2597 succumbere
849 2533 961 2620 signis.

111 2621 207 2686 Tibia
229 2645 288 2705 pro
312 2621 403 2686 lituis
427 2627 459 2686 et
482 2645 540 2706 pro
565 2621 716 2708 clangore
738 2622 890 2685 tubarum
1076 2641 1127 2689 195

110 2709 210 2775 Molle
233 2712 322 2794 lyrae
344 2711 527 2794 festumque
551 2715 675 2775 canant.
720 2711 903 2794 Epulentur
926 2711 967 2774 ad
988 2712 1077 2795 ipsas

109 2799 287 2885 Excubias3
310 2799 424 2863 mediis
448 2800 571 2884 spirent
595 2804 733 2863 crateres
756 2799 791 2863 in
814 2800 920 2864 armis.

109 2889 211 2952 Laxet
234 2888 398 2952 terribiles
420 2889 573 2953 maiestas
597 2888 686 2974 regia
709 2888 814 2952 fastus

110 2977 154 3042 Et
179 2977 299 3042 sociam
321 2978 449 3061 plebem
472 2999 539 3041 non
561 2977 729 3063 indignata
751 2981 896 3061 potestas

21 3081 23 3085 ’
110 3066 293 3130 Confimdat
316 3066 430 3130 turbae
453 3087 609 3150 proceres.
657 3065 830 3130 Solvuntur
853 3066 988 3130 habenis
1072 3084 1124 3134 200

109 3153 233 3220 Gaudia
255 3177 314 3218 nec
337 3155 425 3241 leges
448 3154 566 3238 pudeat
590 3154 693 3218 ridere
717 3177 850 3219 severas

176 3243 236 3307 ‘Tu
260 3245 374 3328 festas,
397 3244 595 3329 Hymenaee,
618 3244 718 3327 faces,
740 3247 791 3328 tu,
815 3242 941 3329 Gratia,
964 3245 1060 3309 flores

106 3331 216 3418 Elige,
238 3337 275 3396 tu
298 3333 457 3418 geminas,
483 3331 674 3416 Concordia,
696 3336 788 3395 necte
811 3353 955 3398 coronas.

106 3420 190 3506 Vos,
212 3425 353 3504 pennata
376 3421 506 3506 cohors,
530 3442 731 3503 quocumque
754 3421 917 3486 vocaverit
940 3445 1032 3508 usus,

101 3508 220 3572 Divisa
236 3515 413 3593 properate
436 3532 547 3594 manu,
569 3533 632 3574 neu
654 3513 794 3574 marceat
817 3509 885 3574 ulla
1069 3528 1120 3578 aot
