2438 3832
2 174 4 178 ·
95 157 162 222 300
422 153 571 208 6111611
589 152 787 209 6111111111

96 318 136 384 11
157 323 214 383 tua
238 318 381 404 depastis
405 316 551 381 armabat
574 316 832 402 161611161616,

96 407 311 495 Augebatque
333 407 402 471 fero
425 406 511 470 vires
533 404 721 490 rabiemque
744 405 876 470 iuvabat

14 555 17 562 a
78 495 258 562 'Naturam
280 495 388 560 minus
412 517 482 559 esse
503 499 631 578 putans.
669 493 860 578 Quantaque
882 494 1029 560 virorum

97 585 237 671 Funera,
260 607 357 668 quam
379 583 500 648 multos
525 584 640 648 stravit
664 605 737 647 eum
760 583 911 647 dentibus
936 587 1047 669 aprost
1071 602 1122 663 ,86

96 672 174 739 Non
196 674 290 738 illum
312 695 448 758 magnae
470 671 612 736 viduatis
635 671 806 736 moenibus
828 672 926 736 urbes

96 761 272 827 Armorum
294 762 419 847 fregere
441 760 553 846 minis,
576 760 739 844 Martique
762 761 921 826 domando

96 849 258 915 Adsuetas
280 872 391 914 morsu
414 849 498 923 fudit
521 849 669 935 graviore
693 853 845 914 catervas.

97 938 194 1004 Hune
216 939 326 1026 gravis
348 937 552 1022 Eurystheus
576 935 666 1025 (nam
688 942 730 1023 te,
754 960 819 1022 quo
843 943 957 1003 cuncta
980 938 1123 1027 levares,

96 1027 273 1113 Imperium
296 1027 368 1092 duri
390 1026 495 1091 voluit
519 1028 651 1091 sufferre
673 1027 805 1110 tyranni
1079 1045 1116 1094 85

98 1116 152 1182 Sic
174 1117 294 1181 mundo
316 1115 461 1184 Fortuna
484 1113 624 1203 favens),
646 1115 733 1180 hune
756 1119 897 1181 sternere
920 1116 987 1181 1616

96 1205 246 1291 Imperat.
284 1205 367 1269 Tum
390 1202 531 1291 (nullum
552 1204 657 1269 virtus
680 1203 843 1269 reticenda
865 1227 923 1288 per
945 1227 1060 1271 aevum

98 1295 271 1382 Dignaque
295 1293 436 1358 sidereos
459 1296 534 1378 post
557 1293 701 1357 membra
724 1293 846 1358 intrare
868 1291 1042 1382 recessust)

97 1383 198 1448 Posse
221 1382 304 1447 mori
328 1404 425 1466 quam
447 1381 512 1446 vile
534 1383 642 1466 putas!
683 1381 832 1465 Namque
860 1383 998 1470 impiger
1024 1383 1119 1448 111116

97 1472 200 1536 Vadis
223 1471 387 1536 inmensae
411 1474 573 1534 scrutatus
596 1470 684 1535 invia
708 1471 823 1556 siivae3
1079 1491 1117 1538 66

97 1559 137 1626 11
158 1582 243 1625 1616
267 1559 461 1645 sanguineos
485 1563 662 1623 armantem
685 1559 818 1624 vulnera
841 1560 943 1624 rietus

98 1645 440 1736 (Admonita'feritate
461 1647 556 1711 iubas
578 1648 715 1731 visuque
739 1651 890 1712 eruentus

96 1737 253 1803 Excussis
276 1740 385 1801 movet
408 1758 496 1800 arma
519 1736 600 1800 16116
624 1736 821 1821 dubiumque
844 1736 987 1801 residens

97 1823 261 1914 Infremit)
284 1825 411 1890 invadis
434 1825 596 1908 trepidum
619 1826 763 1908 solisque
785 1826 914 1890 lacertis

99 1915 240 1981 Grandia
264 1914 440 1997 corripiens
464 1915 553 1978 eluso
577 1917 711 2001 guttura
733 1936 845 1979 morsu
1077 1931 1117 1980 95

96 2002 400 2080 Imbellem-fraotis
422 2003 601 2086 prosternis
623 2003 772 2068 faucibus
794 2003 934 2089 hostem3

99 2092 186 2170 Quin
208 2096 240 2156 et
262 2091 441 2156 flavicomis
464 2091 625 2156 radiantia
647 2096 778 2179 tergora
800 2092 889 2157 villis

99 2181 166 2247 Ceu
189 2180 330 2264 spolium
352 2180 425 2244 fuso
448 2179 554 2244 vietor
576 2180 672 2264 rapis.
709 2180 837 2245 Emicat
861 2180 965 2244 omnis

99 2270 139 2335 11
160 2270 272 2335 laudes
294 2291 371 2333 mox
393 2269 490 2333 turba
512 2273 586 2333 tuas
608 2269 779 2355 longoque·
794 2268 908 2333 relicta

100 2359 208 2424 Currit
231 2359 266 2421 in
289 2379 365 2422 arva
387 2361 483 2421 metu.
520 2355 614 2422 Iuvat
637 2358 684 2422 ire
708 2362 740 2422 et
762 2358 865 2422 libera
887 2380 963 2422 rura
1062 2375 1118 2424 100

97 2448 320 2528 Defensosque
342 2445 450 2510 videre
471 2445 561 2510 locos
585 2446 763 2530 silvamque
786 2447 930 2511 iuvencis

97 2534 167 2600 Iam
190 2534 318 2598 facilem
342 2537 374 2598 et
395 2534 480 2598 nulli
502 2539 690 2599 resonantes
712 2535 844 2599 fletibus
867 2557 971 2622 agros.

164 2622 362 2688 Maenalium
383 2623 467 2706 petis
489 2622 563 2687 inde
585 2645 698 2688 nemus
721 2625 894 2707 fletamque
917 2624 1041 2688 colonis

98 2711 269 2778 Arcadiam
292 2715 324 2776 et
347 2733 421 2776 1616
445 2712 572 2776 steriles
594 2712 659 2776 iam
682 2713 799 2777 robore
822 2713 929 2777 silvas.

97 2803 246 2886 Namque
269 2801 323 2865 hic
346 2800 492 2864 inmensa
514 2801 732 2866 membrorum
754 2802 839 2866 mole
862 2805 1014 2866 eruentus
1061 2819 1117 2869 105

97 2890 279 2956 Indomitus
302 2889 460 2975 regnabat
483 2912 559 2973 aper
582 2890 716 2973 soloque
739 2890 924 2955 tremendus

99 2979 240 3064 Corpore
262 2978 384 3042 lunatis
407 2977 564 3043 fundebat
587 2978 737 3047 dentibus
761 3001 857 3044 ornos

33 3122 46 3140 .
98 3068 333 3152 Sternebatque
357 3067 425 3130 suis
448 3067 595 3154 lugentia
617 3089 692 3131 rura
716 3068 848 3132 colonis.

96 3157 283 3228 Horrebant
305 3155 420 3242 rigidis
443 3155 609 3242 nigrantia
633 3177 767 3240 corpora
790 3156 889 3221 saetis

90 3247 304 3329 'Duratosque
327 3266 434 3309 armos
458 3244 601 3329 seopulis
624 3249 775 3328 totosque
798 3267 856 3330 per
878 3249 968 3309 artus
1063 3262 1119 3313 116

97 3335 253 3401 Difficilis
276 3333 423 3418 potuisse
445 3334 537 3398 mori.
573 3333 652 3399 Non
674 3334 798 3417 spicula
821 3335 855 3398 in
878 3334 971 3397 illum

95 3424 305 3490 Nodosumve
328 3422 416 3507 rapis
439 3426 574 3509 gravato
596 3422 737 3507 pondere
759 3423 867 3488 robur.

84 3511 223 3577 Armati
247 3511 401 3578 viduatur
422 3511 541 3602 116161
562 3533 622 3577 166
644 3512 778 3577 vulnera
800 3512 906 3577 virtus
