2438 3832
220 115 341 196 (XVHI.)
360 115 399 168 IN
419 115 634 170 EVTROPIVM
651 113 761 168 LIBER
779 113 925 169 PRIMVS.
958 198 960 202 λ
1038 112 1080 178 67

69 277 256 361 Calcarique
281 278 375 343 siuas.
420 277 505 343 Nam
529 299 610 361 quae
633 276 697 340 iam
720 276 806 340 bella
828 287 978 362 geramus
1070 286 1073 291 '

67 366 224 430 Mollibus
247 367 421 451 auspiciis?
447 389 527 450 quae
550 367 615 430 iam
639 365 776 430 conubia
798 365 922 448 prolem

66 455 129 519 Vel
152 456 279 541 frugem
302 457 408 519 latura
432 455 545 541 seges?
569 455 647 538 quid
669 454 775 518 fertile
798 453 909 538 terris,
940 456 942 460 '
1029 465 1082 526 495

69 543 152 621 Quid
174 544 306 627 plenum
329 544 431 608 sterili
453 543 558 627 possit
582 544 641 608 sub
666 542 797 607 consule
819 542 930 606 nasci?

43 632 218 697 ·Eunuchi
243 632 363 696 siiura
386 632 509 704 dabunt
531 633 682 719 legesque
705 631 878 716 tenebunt,

67 721 196 785 Ducant
219 743 319 804 pensa
341 721 401 784 viri
424 725 613 807 mutatoque
637 721 747 784 ordine
770 742 878 783 rerum

67 809 166 874 Vivat
189 808 366 873 Amazonio
390 809 524 873 confusa
546 808 676 872 licentia
698 809 773 873 ritu.

135 897 230 974 ‘Quid
244 898 357 962 trahor
371 897 529 962 ulterius?
565 896 711 982 stilicho,
730 896 808 980 quid
821 896 947 962 vincere
966 897 1084 983 differs,

67 986 154 1058 Dum
179 991 299 1051 certare
322 986 443 1070 pudet?
465 987 570 1050 nescis
594 986 680 1069 quod
702 985 830 1069 turpior
851 985 957 1050 hostis
1024 998 1082 1052 ’661
1148 1016 1152 1021 -

67 1074 207 1139 Laetitia
229 1075 350 1139 maiore
374 1076 480 1139 cadit?
524 1075 665 1139 PiratIoa
687 1073 842 1161 Magnum

68 1163 190 1249 ErigIt,
213 1164 367 1228 inlustrat
391 1163 516 1228 servilis
538 1164 648 1227 laurea
673 1162 832 1227 Crassum.

67 1251 203 1315 Adnuis.
248 1250 401 1339 Agnosco
425 1252 690 1337 fremitum,.qu0
713 1252 831 1335 palluit
853 1251 976 1337 Rur'us,

69 1339 139 1415 Quo
162 1339 269 1403 Mauri
292 1339 451 1425 Gildoque
474 1341 548 1405 ruit.
595 1340 679 1417 Quid
700 1339 819 1404 Martia
843 1340 935 1427 signa
1032 1356 1083 1406 505
1110 1360 1140 1391 '-

69 1428 255 1492 Sollicitas‘?
298 1428 376 1494 Non
399 1434 452 1494 est'
470 1429 584 1493 iaculis
607 1428 750 1494 hastisve
773 1429 942 1513 petendus:

69 1516 205 1582 Conscia
228 1519 437 1582 succumbent
460 1516 569 1602 audito
592 1519 724 1582 verbere
746 1517 852 1604 terga,
1028 1516 1030 1520 ’

29 1647 31 1652 ,
67 1604 114 1668 Vt
138 1605 258 1689 Scytha
280 1611 355 1690 post
378 1606 500 1670 multos
523 1606 648 1671 rediens
672 1607 969 1692 exercitusannos,

32 1729 35 1734 ·
69 1692 150 1756 Cum
174 1694 236 1757 sibi
260 1694 388 1758 servilis
407 1717 466 1779 pro
490 1695 610 1759 finibus
634 1695 730 1760 obvia
752 1696 854 1779 pubes

68 1780 134 1845 Iret
157 1786 189 1846 et
212 1780 334 1847 arceret
357 1784 505 1848 dominos
528 1784 644 1848 teHure
667 1805 825 1869 reversos²
1031 1801 1084 1850 510

67 1867 236 1934 Armatam
260 1872 398 1935 ostensis
422 1871 523 1936 aciem
545 1872 655 1936 fudere
678 1872 829 1960 flagellis:
1097 1884 1105 1897 '

67 1956 175 2022 Notus
200 1960 240 2022 ab
263 1959 403 2043 inceptis
423 1961 567 2046 ignobile
590 1960 731 2045 reppulit
753 1961 870 2024 horror

67 2045 196 2132 Vulgus
220 2051 251 2111 et
275 2048 421 2112 addictus
445 2050 505 2112 sub
528 2049 660 2131 verbere
682 2050 807 2132 torpuit
830 2049 936 2114 ensis'.

467 2280 681 2290 ...—

394 2458 448 2528 11
475 2459 758 2533 aureorum
837 2551 839 2554 Α

252 2617 375 2677 LIBER
399 2617 615 2680 SECVNDVS.
661 2620 898 2682 PRAEFATIO.

528 2752 622 2823 (XIX)

66 2858 128 2934 Qui
151 2859 246 2923 modo
271 2860 424 2925 sublime
447 2883 555 2925 rerum
576 2862 727 2948 flectebat
748 2863 891 2929 habenas
928 2873 931 2879 '

109 2946 284 3033 Patricius,
306 2971 434 3013 rursum
458 2950 590 3013 verbera
612 2955 692 3016 nota
714 2952 808 3016 timet

64 3036 110 3100 Et
134 3036 249 3100 solitos
272 3038 381 3102 tardae
404 3060 559 3121 passurus
583 3036 745 3124 compedis
769 3034 863 3105 o'rbes

110 3122 149 3188 In
173 3124 320 3189 dominos
343 3148 441 3190 vanas
465 3126 556 3212 luget
579 3127 684 3205 abisse
709 3129 822 3194 minas.

66 3212 213 3296 Culmine
237 3213 394 3288 deiectum
417 3214 502 3279 vitae
525 3213 670 3281 Fortuna
692 3218 793 3301 priori

109 3300 274 3387 Reddidit,
296 3301 410 3367 insano
433 3304 499 3367 iam
522 3303 639 3368 satiata
661 3306 742 3371 ioco,

65 3388 324 3463 Scinderenuno
347 3391 410 3455 alia
433 3392 607 3457 meditatur
629 3393 719 3481 ligna
742 3396 845 3459 securi

110 3477 267 3544 Fascibus
290 3484 322 3544 et
345 3481 475 3547 tandem
497 3481 630 3565 vapulat
651 3483 720 3568 ipse
745 3484 821 3548 suis.
860 3509 866 3521 ·
997 3513 1002 3521 ·

847 3588 887 3640 Bit
