2438 3832
376 110 660 167 ADNOTATIONES
680 111 854 168 climens.
1038 111 1128 167 XLIII

102 277 158 328 405
176 272 272 343 inuis]
291 272 430 342 fultusque
449 270 525 340 qnod
542 288 576 326 ex
593 271 616 325 E
637 272 800 342 elicuerunt,
819 275 935 342 propter
949 271 1128 326 adliteratio-

178 359 244 396 nem
263 342 372 412 placuit
389 341 493 412 Birtio,
519 341 669 399 immerito.
702 346 783 399 iactis
806 343 881 397 enini
905 359 990 412 qnam
1013 343 1126 413 proprie

178 415 209 468 et
227 414 283 482 ipsi
300 412 341 467 rei
360 413 559 468 convenienter
578 413 714 484 scriptum
732 415 779 484 sit,
795 413 842 470 vel
861 432 933 468 nnus
947 413 1026 468 locus
1040 413 1126 468 Gellii

178 483 224 553 (V,
240 490 265 552 6,
280 488 325 548 21)
346 484 534 553 demonstret,
554 483 603 539 ubi
625 484 775 554 exponitur
796 502 854 539 non
877 484 1046 553 triumphari
1069 484 1126 555 nisi

178 572 241 609 cum
260 554 338 609 bella
357 556 431 621 ‘cum
449 555 525 610 iusto
543 555 636 610 hoste'
656 559 739 626 gesta
752 555 817 611 sint.
851 555 885 610 cf.
900 555 1066 610 Mommseni
1081 555 1124 609 ius

177 625 256 695 publ.
274 625 355 679 Rom.
374 628 442 681 tom.
457 626 488 679 1³
505 644 533 696 p.
549 631 609 683 133.
1043 660 1046 666 -

101 703 159 751 460
179 697 320 768 adeunda]
339 697 393 751 hoc
413 696 483 750 satis
501 699 612 751 tutatus
631 713 693 752 esse
707 696 777 751 mihi
791 697 890 760 videor
904 695 980 767 apud
993 695 1124 752 Birtium.

101 773 158 822 463
177 767 230 838 cel]
250 766 384 822 hocloco
402 784 453 836 pro
473 774 498 823 et
515 767 638 837 positum
658 784 719 823 esse
739 771 872 837 apparet,
892 785 957 822 nam
977 770 1006 821 et
1023 769 1124 835 gentes

177 838 313 892 barbaras
341 841 431 909 (arma
456 841 562 904 extera)
591 841 620 893 et
642 837 768 907 legiones
794 839 936 893 Romanas
959 837 1058 892 Stilico
1087 838 1125 892 ad

176 908 284 962 bellum
306 908 498 966 arcessiverat.
537 909 572 963 de
595 909 648 964 hoc
670 909 749 964 verbi
770 911 813 965 oet
836 910 912 980 apud
936 907 1124 965 Claudianum

176 997 230 1034 usn
249 979 284 1034 cf.
302 978 345 1047 Bi.
364 980 488 1034 indicem
507 998 528 1034 s.
542 997 568 1034 v.

100 1055 157 1106 468
172 1057 349 1121 prosternens
366 1052 459 1122 obvia]
479 1053 572 1106 omnia
586 1050 612 1104 V
629 1052 660 1109 et
673 1050 704 1119 P,
724 1051 800 1117 quod
819 1067 989 1118 quamquam
1007 1051 1122 1106 tolerari

175 1123 279 1191 potest,
289 1121 360 1175 illud
370 1123 466 1176 temen
476 1121 637 1185 defenditur
647 1121 710 1176 coll.
722 1121 860 1176 scillino
870 1123 1123 1192 obviaproeterucs.

100 1193 242 1263 4701111]
262 1209 296 1247 ex
313 1193 373 1247 Vn
390 1192 527 1262 praetuli,
554 1210 616 1247 cum
639 1193 758 1246 Romam
781 1192 952 1260 adloquatur
973 1193 1122 1262 Honorius,

176 1263 283 1318 Romae
303 1265 405 1333 autem,
424 1280 482 1317 non
495 1262 615 1318 Honorii
632 1266 711 1317 vates
730 1280 792 1317 esse
807 1262 950 1329 dicuntum
969 1263 1004 1319 cf.
1019 1283 1045 1319 v.
1061 1268 1122 1332 492,

176 1333 227 1388 ubi
246 1335 340 1388 vatum
360 1334 476 1402 ingenia
494 1342 544 1390 tua
561 1335 580 1389 i.
596 1351 619 1388 e.
638 1334 745 1388 Romae
763 1333 877 1404 propria
896 1336 997 1389 vocata
1016 1336 1090 1390 sunt.

97 1411 156 1460 477
175 1422 232 1460 ecce
249 1404 412 1476 uirum]·sic
432 1426 466 1474 ω,
493 1405 568 1474 quod
592 1404 677 1459 valde
700 1405 819 1459 offendit
841 1405 913 1458 hene
937 1405 973 1459 ob
997 1421 1122 1474 cansam,

174 1475 250 1544 quod
267 1493 359 1544 neque
378 1493 435 1531 ecce
453 1493 544 1545 neque
558 1493 593 1532 ea
606 1492 739 1544 umquam
754 1475 839 1530 aliter
853 1475 983 1529 adhibuit
997 1475 1038 1531 Cl.
1066 1474 1123 1530 nisi
1210 1486 1215 1494 '

173 1548 208 1600 nt
221 1552 355 1615 sequatur
368 1546 567 1602 nominativus.
589 1548 718 1616 exempla
726 1564 783 1600 non
793 1546 913 1618 conligo,
927 1544 1121 1614 unusquisque

173 1617 300 1672 invenire
313 1619 409 1686 potest
423 1617 500 1686 apud
509 1617 551 1671 Bi.
566 1617 596 1671 in
609 1617 710 1673 indice.
739 1616 868 1686 exceptio
882 1635 939 1672 una
952 1634 1014 1672 esse
1027 1619 1121 1672 crede-

172 1688 257 1743 batur
265 1688 294 1742 in
302 1688 407 1756 Paneg.
417 1688 500 1744 Prob.
510 1706 537 1742 v.
545 1693 607 1758 203,
616 1688 666 1742 nbi
676 1705 739 1742 cum
748 1689 909 1742 traderetur
920 1689 956 1745 ‘et
966 1689 1072 1758 duplici
1083 1731 1089 1744 .
1099 1731 1121 1744 ..

172 1760 308 1827 matrem',
327 1759 517 1814 coniectatum
537 1760 582 1813 est
601 1761 648 1813 ‘en
667 1759 783 1830 duplici’
801 1776 868 1828 eqs,
888 1762 963 1827 quod
982 1761 1121 1813 incertum

173 1833 225 1885 est.
264 1833 428 1900 expectatur
452 1829 542 1899 igitur
564 1833 661 1884 nostro
685 1830 746 1884 loco
772 1831 848 1884 ‘ecce
871 1829 925 1884 vir’
951 1832 1036 1898 atque
1060 1846 1120 1884 cor-

173 1904 287 1970 ruptum
301 1901 392 1955 locum
404 1917 465 1955 esse
476 1901 567 1968 credo,
583 1917 752 1969 quemquam
765 1900 925 1955 emendatio
939 1900 1121 1969 plausibilior

173 1971 245 2025 mihi
263 1987 319 2026 non
337 1971 449 2040 obtigit.
483 1970 608 2041 cogitavi
627 1971 662 2025 de
681 1989 738 2028 ecce
755 1975 808 2041 air,
826 1990 866 2027 eu.

98 2047 152 2097 491
174 2042 331 2113 conamine]
352 2041 393 2096 sic
412 2041 534 2112 optimus
548 2042 575 2096 V
588 2060 651 2095 cum
667 2043 739 2098 aliis.
772 2041 907 2112 intellege
922 2044 1013 2098 doctos
1026 2045 1121 2098 choros

175 2113 210 2167 de
228 2112 308 2181 poesi
326 2111 511 2181 Claudianea;
534 2113 605 2167 haec
624 2116 705 2169 docta
723 2112 827 2169 dicitur
849 2113 1002 2167 certamine
1026 2112 1120 2167 laudis

174 2182 329 2252 stiliconis,
348 2185 415 2251 quia
433 2188 499 2238 ante
514 2200 617 2237 annum
631 2189 685 2238 404
703 2183 760 2237 iam
774 2183 865 2238 multa
882 2184 1006 2238 carmina
1020 2184 1122 2253 panxit

172 2253 222 2308 ille
241 2254 272 2308 in
291 2254 369 2308 ducis
387 2253 510 2311 landem

96 2332 153 2382 497
171 2327 273 2394 rauco]
291 2327 408 2381 secundo
434 2342 530 2380 omnes
554 2325 676 2381 editores
700 2325 767 2380 inde
790 2326 827 2380 ab
851 2325 979 2394 Heinsio,
1003 2324 1120 2392 iniuria;

171 2413 264 2465 neque
282 2399 465 2465 respexerunt
484 2396 559 2465 exigi
578 2397 615 2451 ad
632 2414 707 2453 nunc
726 2415 806 2452 amec
825 2397 993 2451 vocabulum
1008 2396 1121 2466 opposi-

175 2469 237 2520 tum
255 2466 318 2521 voci
336 2469 464 2522 redeuute
482 2484 555 2535 quae
575 2468 710 2535 sequitur.
743 2467 838 2537 agitur
852 2467 927 2521 enim
941 2468 976 2521 de
990 2470 1121 2521 aestuum

171 2554 284 2591 recessu
303 2538 333 2592 et
350 2554 477 2608 accessu,
500 2538 575 2606 quod
596 2545 687 2594 retuso
711 2538 763 2608 (sic
781 2539 856 2592 enim
874 2538 905 2591 in
925 2539 946 2589 V
967 2541 996 2592 et
1013 2539 1054 2608 M)
1078 2540 1121 2592 ita

173 2607 318 2677 exprimit,
342 2610 375 2662 ut
396 2607 457 2663 veri
479 2608 601 2678 speciem
620 2609 773 2663 maximam
793 2626 861 2679 prae
881 2626 911 2663 se
930 2609 1011 2664 ferat.
1042 2611 1119 2663 recte

174 2677 250 2732 enim
267 2678 326 2734 iam
343 2678 477 2734 Heinsius
497 2679 601 2734 adtulit
617 2679 725 2735 Lucani
744 2680 903 2748 exemplum
920 2679 946 2733 V
960 2684 1020 2734 601.

98 2755 153 2804 512
172 2749 276 2821 mdes]
296 2749 337 2803 sio
355 2749 418 2805 fons
436 2750 572 2806 librorum
591 2750 643 2806 VP
661 2750 794 2806 habuisse
812 2751 937 2818 videtnr3
958 2752 1070 2807 ambae
1088 2771 1118 2820 φ.

174 2819 246 2873 illud
264 2823 340 2874 recte
354 2821 513 2890 pra'elatum
528 2824 584 2890 est3
604 2821 717 2875 sienim
730 2824 841 2878 umbras
855 2822 1004 2891 legeretur,
1019 2824 1120 2878 similes

172 2907 412 2960 supervacaneum
429 2891 517 2960 foret,
537 2909 634 2947 omnes
653 2893 763 2947 scilicet
781 2893 905 2962 corporis
924 2893 1039 2957 umbrae
1059 2892 1119 2947 eius

173 2961 281 3016 similes
300 2968 374 3018 sunt.
407 2965 505 3016 contra
527 2965 619 3018 uades
642 2962 672 3016 in
694 2964 747 3018 hec
774 2963 915 3018 sententia
938 2981 1002 3018 eum
1025 2964 1119 3018 locum

171 3033 268 3101 habet,
287 3049 370 3102 quem
388 3035 506 3102 flumina
523 3033 554 3087 in
572 3034 702 3102 sequenti
720 3051 803 3089 versu
822 3040 875 3088 514
892 3035 1119 3103 respondentque

170 3104 246 3158 inter
264 3120 294 3158 se
313 3103 383 3158 haec
402 3103 525 3158 nomina.

97 3181 152 3229 ⁶35
171 3176 293 3244 amotos]
318 3173 359 3228 sic
381 3177 468 3229 testes
496 3174 641 3245 meliores,
670 3180 700 3232 et
722 3176 756 3231 cf.
777 3177 863 3230 etiem
881 3194 908 3230 v.
928 3180 979 3229 616
991 3192 1031 3243 sq.
1055 3177 1119 3230 totis

172 3248 289 3316 septenis
307 3247 426 3301 aratus.

98 3323 152 3372 ⁶45
171 3316 289 3388 undare]
303 3333 359 3372 wne
374 3333 428 3384 ore,
442 3317 519 3386 quod
533 3319 670 3386 praebent
683 3316 774 3384 ΔΒΑ,
788 3316 834 3371 vel
848 3319 964 3385 propter
977 3314 1119 3370 dmiorem

174 3385 319 3441 elisionem
349 3390 415 3442 ante
439 3387 567 3457 quintam
593 3388 677 3443 assim
704 3387 882 3458 improbatur
906 3387 940 3444 cf,
964 3387 1006 3442 Bi.
1030 3388 1119 3456 praef.

170 3476 198 3527 p.
214 3457 344 3512 ecxvn.
416 3506 420 3512 .
