2438 3832
118 151 160 215 28
442 149 588 204 CLAVDll
608 149 806 205 CLAVDIANI

117 311 373 397 serpentumque
395 335 479 398 vago
503 313 626 376 caelum
650 312 771 376 saevire
793 312 913 377 volatu

115 399 235 487 Implet
258 401 458 466 Thessaliam
480 400 557 465 ferri
578 400 676 485 nitor,
699 404 855 484 antraque
878 401 965 466 docti

118 488 307 576 Cornipedis
329 495 504 573 teneroque
527 489 631 553 amnis
653 493 801 573 reptatus
823 488 944 554 Achilli
1082 510 1134 558 100

116 579 162 644 Et
184 601 298 644 nemus
322 577 477 643 Oetaeum
499 577 612 642 radiat.
660 576 807 642 Clamore
829 578 947 644 nivalis

117 665 199 732 Ossa
221 671 315 732 tonat
337 668 496 752 pulsoque
519 667 630 752 fragor
652 666 836 752 geminatur
859 665 1007 752 Olympo.

115 755 276 821 Intumuit
298 756 402 820 virtus
426 759 459 819 et
481 755 564 819 lucis
586 754 742 842 prodigus
766 755 846 819 arsit

115 842 275 931 Impetus3
297 845 385 908 haud
406 844 482 908 illos
505 865 611 929 rupes,
633 844 721 908 haud
744 844 810 908 alta
832 848 980 910 vetarent

115 932 278 998 Flumina:
301 932 471 1018 praecipiti
495 933 685 997 stravissent
709 933 817 997 omnia
840 954 943 999 cursu.
1081 953 1132 1002 185

184 1020 220 1087 Si
241 1026 320 1086 tunc
342 1021 394 1085 his
417 1020 534 1086 animis
557 1021 641 1086 acies
664 1021 783 1085 collata
805 1021 931 1108 fuisset,

114 1110 248 1175 Prodita
270 1133 337 1176 non
359 1114 468 1174 tantas
491 1109 624 1174 vidisset
649 1108 782 1174 Craecia
805 1110 926 1197 caedes,

116 1196 242 1284 Oppida
265 1203 389 1263 semoto
411 1198 564 1283 Pelopeia
585 1198 690 1262 Marte
713 1198 868 1286 vigerent,

115 1285 246 1352 Starent
269 1287 435 1372 Arcadiae,
458 1290 581 1351 starent
603 1287 852 1374 Lacedaemonis
875 1310 978 1375 arces3

114 1374 191 1440 Non
213 1398 300 1440 mare
323 1376 480 1440 fumasset
503 1375 667 1461 geminum
689 1377 848 1462 flagrante
872 1376 1028 1442 Corintho
1079 1397 1131 1445 190

113 1463 183 1529 Nec
205 1466 273 1529 fera
298 1464 469 1548 Cecropiae
491 1463 667 1528 traxissent
689 1463 818 1528 vincula
840 1470 968 1531 matres.

113 1551 176 1617 Illa
200 1553 266 1617 dies
289 1553 397 1636 potuit
419 1552 542 1616 nostris
564 1552 729 1635 imponere
751 1554 849 1619 finem

115 1641 269 1707 Cladibus
293 1645 325 1705 et
349 1640 478 1705 sceleris
502 1661 615 1704 causas
638 1641 764 1705 auferre
786 1641 896 1706 futuri.

113 1728 226 1795 Invida
248 1752 308 1815 pro
332 1733 490 1814 quantum
512 1729 620 1813 rapuit
643 1727 788 1793 Fortuna
810 1730 1026 1815 triumphum!

112 1817 203 1884 lnter
225 1840 326 1902 equos
347 1817 496 1900 interque
518 1817 615 1881 tubas
638 1818 790 1881 mandata
812 1818 960 1883 feruntur
1078 1839 1129 1887 190

112 1908 216 1993 Regia
239 1911 271 1970 et
295 1906 411 1970 armati
433 1905 567 1970 veniunt
591 1905 734 1970 ductoris
758 1906 798 1970 ad
820 1929 921 1972 aures.

181 1995 372 2080 Obstupuit3
396 1993 492 2058 simul
514 1994 563 2057 ira
585 1994 700 2079 virum,
723 1994 821 2059 simul
843 1994 952 2060 obruit
975 1997 1090 2083 ingens

112 2084 241 2149 Maeror
263 2089 296 2149 et
318 2083 437 2170 ignavo
460 2086 588 2147 tantum
610 2082 741 2147 licuisse
762 2083 892 2148 nocenti

112 2173 259 2238 Miratur.
304 2172 431 2237 Dubios
455 2193 571 2256 anceps
595 2171 755 2235 sententia
777 2171 880 2236 volvit

112 2262 271 2328 Eventus:
295 2264 430 2347 peragat
451 2282 578 2346 pugnas
602 2281 644 2322 an
666 2259 765 2323 fortia
788 2263 901 2344 coepta
1076 2280 1130 2329 aoo

113 2350 272 2415 Deserat?
308 2348 449 2432 Illyricis
472 2347 563 2411 ardet
587 2369 771 2411 succurrere
795 2347 932 2433 damnis3

113 2437 297 2521 Praeceptis
322 2436 451 2501 obstare
474 2436 576 2499 timet.
621 2435 814 2500 Reverentia
837 2436 959 2522 frangit

113 2525 255 2591 Virtutis
279 2525 442 2589 stimulos:
464 2524 541 2589 hinc
563 2523 695 2609 publica
718 2524 885 2589 commoda
908 2526 1053 2612 suadent,

114 2614 199 2679 Hinc
221 2617 327 2678 metus
350 2613 496 2678 invidiae.
542 2611 685 2677 Tandem
707 2611 895 2699 indignatus
920 2613 960 2677 ad
983 2620 1071 2680 astra

113 2702 254 2768 Extollit
277 2702 401 2786 palmas
424 2708 456 2765 et
480 2701 521 2765 ab
544 2701 610 2765 imo
632 2705 762 2785 pectore
784 2702 885 2766 fatur:
1077 2723 1130 2772 205

180 2791 335 2856 ‘Numina
357 2790 512 2855 Romanis
534 2789 671 2854 necdum
694 2790 812 2854 satiata
834 2790 947 2876 ruinis,

114 2879 149 2945 Si
172 2881 262 2945 iuvat
285 2879 455 2964 imperium
477 2879 607 2963 penitus
631 2878 670 2942 de
693 2878 793 2962 stirpe
816 2879 937 2965 revelli,

112 2969 187 3034 Vno
212 2968 239 3032 si
262 2968 385 3053 placuit
407 2968 506 3032 deleri
530 2967 657 3032 saecula
679 2967 783 3051 lapso,

113 3056 149 3123 si
171 3058 261 3144 piget
283 3057 417 3121 humani
439 3055 579 3143 generis:
602 3059 793 3140 prorumpat
815 3056 850 3120 in
872 3078 949 3122 arva

112 3146 262 3211 Libertas
285 3146 404 3211 effrena
426 3145 525 3209 maris
547 3144 599 3209 vel
621 3145 724 3209 limite
746 3144 835 3210 iusto
1078 3165 1131 3214 010

112 3234 235 3300 Devius
258 3238 402 3299 errantes
424 3233 595 3298 Phaethon
618 3233 794 3299 confimdat
817 3234 969 3300 habenas.

114 3322 180 3388 Cur
202 3345 260 3408 per
281 3323 435 3387 Rufinum
457 3322 603 3409 geritur?
639 3322 854 3388 Procumbere
876 3325 1032 3389 mundum

112 3411 185 3477 Hoc
208 3415 339 3476 auctore
361 3411 468 3496 pudet.
514 3411 629 3475 Mediis
652 3433 840 3476 revocamur
863 3414 904 3479 ab
928 3413 1027 3478 armis

110 3498 193 3584 (Pro
218 3499 338 3587 dolorl)
361 3504 394 3565 et
417 3500 549 3564 strictos
573 3500 729 3585 deponere
754 3500 900 3588 cogimur
923 3524 1025 3567 enses.
