2438 3832
109 133 173 197 164
430 131 578 187 CLAVDII
597 131 796 188 eLAVDIANI

107 294 236 360 Semina
259 300 434 380 praerupto
458 294 615 361 dissolvat
637 294 801 381 Aquarius
824 296 935 361 imbre.

106 384 264 449 Phrixeus
287 407 381 449 roseo
404 386 561 471 producat
584 385 691 450 fertile
715 408 815 450 cornu

106 473 173 538 Ver
195 472 302 559 Aries,
325 475 461 561 pingues
485 496 543 538 nec
566 475 722 561 grandine
745 475 861 540 tundat
885 475 987 540 olivas

107 562 273 649 Scorpius3
297 564 444 628 autumni
466 567 607 627 maturet
630 564 776 650 germina
798 563 915 651 Virga,
1071 582 1119 633 aaa

106 651 225 716 Lenior
248 656 280 716 et
303 651 445 738 gravidis
468 652 606 716 adlatret
629 651 733 718 Sirius
756 652 849 718 uvis?

174 740 227 805 Sic
250 741 337 805 fatus
362 741 481 805 croceis
505 745 651 806 rorantes
674 742 806 828 ignibus
830 745 921 807 ortus

106 828 291 915 Ingreditur
312 831 493 914 vallemque
518 851 623 917 suam,
647 853 744 914 quam
766 833 933 895 flammeus
957 831 1061 896 ambit

106 919 208 982 Rivus
232 924 264 983 et
287 919 424 1004 inriguis
447 920 574 1005 largum
596 919 691 983 iubar
713 920 833 1006 ingerit
856 920 979 1006 herbis,

107 1007 193 1084 Quas
217 1007 303 1071 Solis
325 1012 502 1091 pascuntur
525 1008 612 1094 equi3
635 1009 849 1095 flagrantibus
872 1009 946 1074 inde
1069 1022 1121 1076 4⁸10

108 1096 287 1161 Caesariem
311 1098 405 1161 sertis
429 1100 461 1160 et
483 1097 572 1161 lutea
594 1097 664 1161 lora
686 1098 843 1181 iubasque

107 1184 257 1272 Subligat
280 1186 449 1270 alipedum.
488 1185 618 1251 Gelidas
641 1186 717 1250 hinc
738 1186 868 1251 Lucifer
891 1192 999 1272 ornat,

105 1274 191 1338 Hinc
213 1274 340 1339 Aurora
364 1297 471 1339 comas
494 1275 648 1358 iuxtaque
672 1275 796 1339 adludit
818 1275 955 1340 habenis

105 1361 232 1426 Aureus
256 1368 289 1426 et
310 1386 429 1428 namen
450 1364 632 1447 praetendit
655 1364 797 1428 consulis
820 1363 948 1429 Annus:

105 1449 206 1534 Inque
229 1474 331 1516 nores
354 1453 472 1516 lterum
495 1453 643 1517 revoluto
667 1453 794 1517 cardine
818 1475 930 1518 cursus
1068 1471 1119 1520 4⁷5

106 1539 259 1604 Scribant
283 1540 432 1605 aetheriis
457 1540 668 1606 Stilichonem
692 1542 795 1606 sidera
818 1542 921 1606 fastis

254 2095 318 2166 DE
347 2093 631 2167 CONSVLATV
660 2093 968 2170 STILICHONIS.

303 2274 424 2332 LIBER
448 2273 627 2332 TERTIVS.
674 2271 913 2333 PRAEFATIO.

549 2406 670 2476 (xxm.)

100 2515 204 2579 Maior
228 2514 405 2600 Scipiades,
428 2515 521 2578 Italis
545 2515 601 2598 qui
625 2515 713 2578 solus
737 2515 777 2579 ab
803 2516 868 2580 oris

144 2603 183 2669 In
205 2605 372 2688 proprium
394 2604 493 2668 vertit
514 2603 637 2667 Punica
660 2604 745 2667 bella
769 2609 880 2689 caput,

98 2693 175 2758 Nan
198 2693 266 2757 sine
288 2692 403 2758 Pieriis
427 2693 569 2757 exercuit
592 2693 717 2757 artibus
741 2712 842 2756 arma:

145 2783 277 2867 Semper
300 2786 368 2846 erat
391 2786 502 2847 vatum
525 2782 665 2846 maxima
689 2804 764 2846 cura
788 2782 868 2846 duci.

101 2872 226 2936 Gaudet
250 2873 334 2936 enirn
358 2872 461 2937 virtus
485 2876 585 2936 testes
610 2871 672 2935 sibi
695 2871 828 2957 iungere
851 2871 975 2956 Musam
1099 2889 1115 2938 a

145 2960 281 3025 Carmen
304 2965 390 3025 amat
414 2960 560 3045 quisquis
585 2960 724 3024 carmine
748 2960 845 3046 digna
868 2961 960 3046 gerit.

97 3049 188 3136 Ergo
213 3072 269 3113 sen
291 3050 406 3133 patriis
428 3051 610 3134 primaevus
634 3050 783 3113 manibus
807 3049 895 3113 ultcr

144 3139 302 3202 Subderet
324 3138 506 3223 Hispanum
529 3138 657 3224 legibus
682 3136 857 3222 Oceanum,

99 3226 162 3292 Seu
185 3227 299 3311 Tyrias
324 3232 410 3291 certa
433 3229 594 3292 fracturus
619 3227 748 3310 cuspide
771 3228 856 3291 vires

142 3315 279 3380 Inferret
302 3317 425 3400 Libyco
450 3318 542 3403 signa
565 3317 730 3380 tremenda
752 3317 846 3380 mari:
1081 3334 1115 3382 10

97 3404 260 3470 Haerebat
284 3406 397 3470 doctus
420 3407 513 3470 lateri
537 3406 715 3488 castrisque
739 3405 864 3469 solebat

143 3493 300 3559 Omnibus
323 3496 358 3559 in
379 3495 500 3559 medias
523 3495 651 3559 Ennius
674 3495 719 3557 ire
743 3495 848 3558 tubas.
