2438 3832
132 149 199 215 182
463 148 610 205 CLAVDII
629 147 828 204 CLAVDIANI

134 313 311 378 Germanae
335 315 464 375 servant
487 310 631 396 Hyades,
655 310 823 398 Cygnique
847 311 967 375 sodalis

135 402 272 465 Lacteus
297 403 443 464 extentas
467 400 632 486 adspergit
655 400 795 465 circulus
818 400 899 485 alas3

24 540 29 548 ,
134 489 287 575 Stelliger
308 488 471 553 Eridanus
495 489 633 553 sinuatis
656 489 795 553 flexibus
819 510 929 553 errans
1099 505 1149 556 110

134 577 229 643 Clara
251 576 333 643 Noti
356 599 496 642 convexa
519 577 606 663 rigat
628 577 801 664 gladioque
823 577 1025 643 tremendum

134 665 270 753 Gurgite
295 665 417 730 sidereo
441 666 617 730 subterluit
641 664 769 731 Oriona.

198 755 270 819 Hoc
293 754 371 819 deus
395 755 551 840 effulgens
574 754 690 819 habitu
712 755 880 839 prospexit
903 758 1016 820 euntes

131 843 265 908 Deiecta
288 844 408 909 cervice
433 842 544 929 Getas,
568 849 646 908 tunc
668 844 749 908 talia
771 844 872 909 fatur:

131 930 255 998 ‘Sicine
278 933 412 1001 mutatis
435 955 603 1017 properas,
625 932 767 1019 Alarice,
790 932 908 998 reverti
1098 950 1149 1000 180

133 1020 311 1087 Consiliis?
355 1020 457 1086 Italae
481 1021 527 1085 sic
550 1026 582 1085 te
605 1021 670 1086 iam
692 1021 835 1106 paenitet
859 1021 956 1086 orae?

129 1109 199 1177 Nec
221 1112 286 1175 iam
309 1110 513 1194 cornipedem
536 1110 702 1193 Thybrino
726 1111 871 1197 gramine
893 1110 1009 1197 pascis,

130 1197 176 1264 Vt
200 1200 324 1284 rebare,
347 1200 463 1263 tuum?
509 1199 623 1264 Tuscis
645 1222 704 1265 nec
727 1200 802 1286 figis
826 1204 969 1264 aratrum

135 1287 304 1353 Collibus?
350 1286 377 1352 Ο
402 1288 526 1352 cunctis
548 1289 650 1353 Erebi
673 1289 863 1375 dignissime
886 1288 1008 1374 poenis,

130 1376 221 1441 Tune
245 1375 413 1463 Giganteis
437 1377 550 1441 urbem
573 1381 731 1462 temptare
755 1377 888 1442 deorum
1097 1394 1148 1445 185

131 1464 314 1551 Adgressus
338 1465 457 1529 finiis‘?
479 1488 538 1530 nec
561 1470 594 1531 te
616 1488 720 1552 meus,
743 1466 904 1552 improbe,
928 1467 1044 1531 saltem

129 1553 258 1618 Terruit
281 1553 428 1637 exemplo
451 1554 634 1640 Phaethon,
658 1556 715 1640 qui
738 1556 875 1620 fulmina
898 1577 1051 1639 praeceps

128 1641 168 1706 ln
190 1642 311 1706 nostris
335 1642 458 1707 efflavit
482 1645 589 1729 aquis,
613 1645 688 1709 dum
711 1645 859 1709 flammea
882 1644 962 1708 caeli
1026 1677 1030 1686 ·

129 1730 273 1796 Flectere
296 1731 434 1796 terrenis
457 1733 631 1797 meditatur
654 1734 745 1798 frena
768 1733 899 1798 lacertis

128 1819 325 1904 Mortalique
349 1821 433 1885 diem
457 1826 565 1904 sperat
589 1821 765 1886 diffimdere
788 1822 904 1886 virita?
1095 1839 1147 1888 190

129 1908 228 1973 Crede
250 1910 346 1994 mihi,
370 1909 469 1973 simili
491 1910 668 1973 bacchatur
691 1911 839 1995 crimine,
863 1910 1011 1994 quisquis

126 1995 283 2081 Adspirat
305 1999 428 2063 Romae
452 1998 565 2082 spoliis
589 2002 645 2062 aut
669 1997 754 2063 Solis
777 1998 939 2064 habenis'.

196 2086 250 2151 Sic
273 2087 360 2151 fatus
383 2087 520 2173 Liguras
544 2086 751 2170 Venetosque
775 2087 911 2151 erectior
934 2109 1043 2152 amnes

128 2172 249 2261 Magna
271 2197 349 2240 voce
373 2175 444 2240 ciet.
489 2174 728 2240 Frondentibus
751 2175 861 2240 umida
884 2176 966 2259 ripis

127 2263 220 2329 Colla
243 2264 365 2329 levant:
388 2264 523 2348 pulcher
545 2264 677 2329 Ticinus
701 2268 733 2328 et
755 2262 871 2328 Addua
894 2265 967 2329 visu
1093 2280 1145 2330 19⁶

128 2351 283 2417 Caemlus
307 2358 338 2417 et
361 2353 456 2417 velox
479 2351 613 2418 Athesis
636 2353 811 2437 tardusque
834 2356 944 2417 meatu

124 2440 266 2505 Mincius
289 2442 387 2524 inque
409 2463 526 2505 novem
550 2463 747 2528 consurgens
771 2464 827 2505 ora
851 2441 1011 2506 Timavus.

125 2527 290 2594 insultant
315 2552 425 2593 omnes
448 2531 588 2617 profugo
611 2533 788 2614 pacataque
812 2530 934 2594 laetum

125 2616 271 2683 Invitant
294 2617 335 2682 ad
356 2623 450 2703 prata
472 2640 584 2704 pecus3
606 2619 671 2683 iam
694 2618 783 2682 Pana
805 2618 975 2702 Lycaeum,

124 2705 194 2771 Iam
216 2706 364 2791 Dryadas
388 2712 540 2772 revocant
564 2712 596 2772 et
619 2707 741 2771 rustica
762 2707 895 2771 numina
918 2706 1056 2771 Faunos
1091 2723 1144 2772 200

192 2796 242 2860 Tu
265 2818 394 2880 quoque
415 2819 483 2861 non
504 2819 640 2880 parvum
664 2795 786 2881 Getico,
809 2795 952 2880 Verona,
975 2794 1143 2881 triumpho

125 2883 294 2971 Adiungis
314 2886 487 2972 cumulum,
500 2907 568 2950 nec
590 2885 664 2969 plus
687 2884 850 2949 Pollentia
873 2884 970 2948 rebus

129 2972 276 3040 Contulit
298 2973 456 3042 Ausoniis
480 2978 536 3038 aut
559 2973 685 3039 moenia
708 2973 844 3038 vindicis
866 2972 999 3038 Hastae.

43 3071 46 3075 ’
124 3061 202 3148 Hic,
225 3085 338 3127 rursus
362 3063 437 3127 dum
460 3068 555 3147 pacta
577 3066 685 3128 movet
709 3063 897 3146 damnisque
921 3066 1052 3128 coactus

123 3151 281 3216 Extremo
304 3155 430 3216 mutare
452 3155 545 3235 parat
568 3152 750 3236 praesentia
774 3173 860 3238 casu,
1088 3167 1142 3218 205

124 3239 183 3306 Nil
206 3241 270 3305 sibi
292 3240 458 3325 periurum
482 3240 583 3304 sensit
605 3242 758 3325 prodesse
780 3241 923 3305 furorem

125 3327 278 3394 Converti
300 3351 359 3394 nec
382 3329 450 3393 fata
472 3328 558 3414 1000,
581 3330 758 3413 multisque
782 3350 915 3393 suorum

123 3416 222 3482 Diras
245 3418 336 3502 pavit
359 3440 449 3504 aves,
472 3417 666 3502 inimicaque
690 3440 824 3502 corpora
847 3418 981 3483 volvens

115 3503 235 3570 Ionios
254 3505 392 3574 Athesis
416 3507 555 3573 mutavit
578 3508 736 3594 sanguine
759 3508 886 3572 fluctus.
