<?xml version="1.0" encoding="UTF-8"?>
<!DOCTYPE html PUBLIC "-//W3C//DTD XHTML 1.0 Transitional//EN"
    "http://www.w3.org/TR/xhtml1/DTD/xhtml1-transitional.dtd">
<html xmlns="http://www.w3.org/1999/xhtml" xml:lang="en" lang="en">
 <head>
  <title>
</title>
<meta http-equiv="Content-Type" content="text/html;charset=utf-8" />
  <meta name='ocr-system' content='tesseract 3.04.00' />
  <meta name='ocr-capabilities' content='ocr_page ocr_carea ocr_par ocr_line ocrx_word'/>
</head>
<body>
  <div class='ocr_page' id='page_1' title='image "./claudiiclaudian05claugoog_0378.png"; bbox 0 0 2438 3832; ppageno 0'>
   <div class='ocr_carea' id='block_1_1' title="bbox 183 181 1109 254">
    <p class='ocr_par' dir='ltr' id='par_1_1' title="bbox 183 181 1109 254">
     <span class='ocr_line' id='line_1_1' title="bbox 183 181 1109 254; baseline 0.004 -16"><span class='ocrx_word' id='word_1_1' title='bbox 183 181 377 238; x_wconf 78' lang='lat' dir='ltr'><strong>CARMINVM</strong></span> <span class='ocrx_word' id='word_1_2' title='bbox 396 183 573 238; x_wconf 87' lang='lat' dir='ltr'>MINORVM</span> <span class='ocrx_word' id='word_1_3' title='bbox 591 183 784 254; x_wconf 78' lang='lat' dir='ltr'><strong>APPENDIX,</strong></span> <span class='ocrx_word' id='word_1_4' title='bbox 805 203 827 242; x_wconf 87' lang='lat' dir='ltr'>c.</span> <span class='ocrx_word' id='word_1_5' title='bbox 842 186 1001 244; x_wconf 87' lang='lat' dir='ltr'>XV—XXI.</span> <span class='ocrx_word' id='word_1_6' title='bbox 1044 187 1109 251; x_wconf 84' lang='lat'>309</span> 
     </span>
    </p>
   </div>
   <div class='ocr_carea' id='block_1_2' title="bbox 96 344 1118 2742">
    <p class='ocr_par' dir='ltr' id='par_1_2' title="bbox 96 344 1118 2742">
     <span class='ocr_line' id='line_1_2' title="bbox 96 344 1111 433; baseline 0.004 -22"><span class='ocrx_word' id='word_1_7' title='bbox 96 345 270 433; x_wconf 85' lang='lat' dir='ltr'>Virgineos</span> <span class='ocrx_word' id='word_1_8' title='bbox 293 344 440 409; x_wconf 87' lang='lat' dir='ltr'>habitare</span> <span class='ocrx_word' id='word_1_9' title='bbox 465 345 554 411; x_wconf 88' lang='lat' dir='ltr'>sinus</span> <span class='ocrx_word' id='word_1_10' title='bbox 578 351 610 411; x_wconf 91' lang='lat' dir='ltr'>et</span> <span class='ocrx_word' id='word_1_11' title='bbox 634 347 777 430; x_wconf 88' lang='lat' dir='ltr'>eorporis</span> <span class='ocrx_word' id='word_1_12' title='bbox 801 349 863 412; x_wconf 87' lang='lat' dir='ltr'>arti</span> <span class='ocrx_word' id='word_1_13' title='bbox 1096 367 1111 415; x_wconf 87' lang='lat'>5</span> 
     </span>
     <span class='ocr_line' id='line_1_3' title="bbox 98 434 891 523; baseline 0.003 -24"><span class='ocrx_word' id='word_1_14' title='bbox 98 434 198 500; x_wconf 88' lang='lat' dir='ltr'>lussit</span> <span class='ocrx_word' id='word_1_15' title='bbox 220 434 302 499; x_wconf 91' lang='lat' dir='ltr'>inire</span> <span class='ocrx_word' id='word_1_16' title='bbox 325 435 394 499; x_wconf 82' lang='lat' dir='ltr'>uias</span> <span class='ocrx_word' id='word_1_17' title='bbox 417 456 580 518; x_wconf 88' lang='lat' dir='ltr'>parvaque</span> <span class='ocrx_word' id='word_1_18' title='bbox 602 436 637 500; x_wconf 92' lang='lat' dir='ltr'>in</span> <span class='ocrx_word' id='word_1_19' title='bbox 660 435 733 500; x_wconf 93' lang='lat' dir='ltr'>sede</span> <span class='ocrx_word' id='word_1_20' title='bbox 756 437 891 523; x_wconf 84' lang='lat' dir='ltr'>morari,</span> 
     </span>
     <span class='ocr_line' id='line_1_4' title="bbox 100 524 967 610; baseline 0.002 -21"><span class='ocrx_word' id='word_1_21' title='bbox 100 525 202 603; x_wconf 84' lang='lat' dir='ltr'>Quem</span> <span class='ocrx_word' id='word_1_22' title='bbox 225 524 315 588; x_wconf 91' lang='lat' dir='ltr'>sedes</span> <span class='ocrx_word' id='word_1_23' title='bbox 337 545 404 588; x_wconf 91' lang='lat' dir='ltr'>non</span> <span class='ocrx_word' id='word_1_24' title='bbox 426 524 494 588; x_wconf 89' lang='lat' dir='ltr'>ulla</span> <span class='ocrx_word' id='word_1_25' title='bbox 517 524 616 610; x_wconf 83' lang='lat' dir='ltr'>capit3</span> <span class='ocrx_word' id='word_1_26' title='bbox 640 525 696 607; x_wconf 92' lang='lat' dir='ltr'>qui</span> <span class='ocrx_word' id='word_1_27' title='bbox 718 525 839 591; x_wconf 92' lang='lat' dir='ltr'>lumine</span> <span class='ocrx_word' id='word_1_28' title='bbox 862 526 967 609; x_wconf 90' lang='lat' dir='ltr'>primo</span> 
     </span>
     <span class='ocr_line' id='line_1_5' title="bbox 98 611 891 700; baseline 0.001 -22"><span class='ocrx_word' id='word_1_29' title='bbox 98 613 237 700; x_wconf 72' lang='lat' dir='ltr'>Vidisti2</span> <span class='ocrx_word' id='word_1_30' title='bbox 257 611 413 696; x_wconf 93' lang='lat' dir='ltr'>quidquid</span> <span class='ocrx_word' id='word_1_31' title='bbox 435 612 555 678; x_wconf 93' lang='lat' dir='ltr'>mundo</span> <span class='ocrx_word' id='word_1_32' title='bbox 578 617 729 678; x_wconf 88' lang='lat' dir='ltr'>nascente</span> <span class='ocrx_word' id='word_1_33' title='bbox 753 636 891 700; x_wconf 81' lang='lat' dir='ltr'>crearas3</span> 
     </span>
     <span class='ocr_line' id='line_1_6' title="bbox 97 701 927 789; baseline 0.002 -22"><span class='ocrx_word' id='word_1_34' title='bbox 97 702 171 786; x_wconf 91' lang='lat' dir='ltr'>lpse</span> <span class='ocrx_word' id='word_1_35' title='bbox 195 702 316 787; x_wconf 81' lang='lat' dir='ltr'>opifex,</span> <span class='ocrx_word' id='word_1_36' title='bbox 340 723 421 784; x_wconf 90' lang='lat' dir='ltr'>opus</span> <span class='ocrx_word' id='word_1_37' title='bbox 444 701 513 786; x_wconf 93' lang='lat' dir='ltr'>ipse</span> <span class='ocrx_word' id='word_1_38' title='bbox 536 703 599 787; x_wconf 85' lang='lat' dir='ltr'>tui,</span> <span class='ocrx_word' id='word_1_39' title='bbox 623 701 775 789; x_wconf 84' lang='lat' dir='ltr'>dignatus</span> <span class='ocrx_word' id='word_1_40' title='bbox 798 703 927 787; x_wconf 91' lang='lat' dir='ltr'>iniquas</span> 
     </span>
     <span class='ocr_line' id='line_1_7' title="bbox 97 790 820 875; baseline -0.001 -19"><span class='ocrx_word' id='word_1_41' title='bbox 97 791 226 856; x_wconf 85' lang='lat' dir='ltr'>Aetatis</span> <span class='ocrx_word' id='word_1_42' title='bbox 250 791 368 855; x_wconf 88' lang='lat' dir='ltr'>sentire</span> <span class='ocrx_word' id='word_1_43' title='bbox 391 790 477 855; x_wconf 87' lang='lat' dir='ltr'>vices</span> <span class='ocrx_word' id='word_1_44' title='bbox 500 794 532 855; x_wconf 90' lang='lat' dir='ltr'>et</span> <span class='ocrx_word' id='word_1_45' title='bbox 556 791 700 875; x_wconf 89' lang='lat' dir='ltr'>corporis</span> <span class='ocrx_word' id='word_1_46' title='bbox 723 791 820 856; x_wconf 88' lang='lat' dir='ltr'>huius</span> 
     </span>
     <span class='ocr_line' id='line_1_8' title="bbox 98 879 975 968; baseline 0 -23"><span class='ocrx_word' id='word_1_47' title='bbox 98 880 280 945; x_wconf 83' lang='lat' dir='ltr'>Dissimiles</span> <span class='ocrx_word' id='word_1_48' title='bbox 302 879 443 964; x_wconf 86' lang='lat' dir='ltr'>perferre</span> <span class='ocrx_word' id='word_1_49' title='bbox 466 879 579 944; x_wconf 92' lang='lat' dir='ltr'>modos</span> <span class='ocrx_word' id='word_1_50' title='bbox 602 879 829 964; x_wconf 83' lang='lat' dir='ltr'>hominemque</span> <span class='ocrx_word' id='word_1_51' title='bbox 853 882 975 968; x_wconf 83' lang='lat' dir='ltr'>subire,</span> 
     </span>
     <span class='ocr_line' id='line_1_9' title="bbox 98 968 951 1054; baseline 0 -20"><span class='ocrx_word' id='word_1_52' title='bbox 98 970 145 1034; x_wconf 90' lang='lat' dir='ltr'>Vt</span> <span class='ocrx_word' id='word_1_53' title='bbox 167 968 274 1052; x_wconf 87' lang='lat' dir='ltr'>possis</span> <span class='ocrx_word' id='word_1_54' title='bbox 296 971 477 1033; x_wconf 87' lang='lat' dir='ltr'>monstrare</span> <span class='ocrx_word' id='word_1_55' title='bbox 501 969 608 1054; x_wconf 78' lang='lat' dir='ltr'>deum,</span> <span class='ocrx_word' id='word_1_56' title='bbox 630 991 671 1033; x_wconf 92' lang='lat' dir='ltr'>ne</span> <span class='ocrx_word' id='word_1_57' title='bbox 693 969 838 1034; x_wconf 86' lang='lat' dir='ltr'>lubricus</span> <span class='ocrx_word' id='word_1_58' title='bbox 862 992 951 1034; x_wconf 87' lang='lat' dir='ltr'>error</span> 
     </span>
     <span class='ocr_line' id='line_1_10' title="bbox 98 1057 782 1141; baseline 0.001 -19"><span class='ocrx_word' id='word_1_59' title='bbox 98 1057 143 1122; x_wconf 83' lang='lat' dir='ltr'>Et</span> <span class='ocrx_word' id='word_1_60' title='bbox 167 1058 298 1141; x_wconf 89' lang='lat' dir='ltr'>decepta</span> <span class='ocrx_word' id='word_1_61' title='bbox 322 1057 376 1121; x_wconf 91' lang='lat' dir='ltr'>diu</span> <span class='ocrx_word' id='word_1_62' title='bbox 398 1057 480 1122; x_wconf 85' lang='lat' dir='ltr'>varii</span> <span class='ocrx_word' id='word_1_63' title='bbox 503 1057 648 1122; x_wconf 86' lang='lat' dir='ltr'>sollertia</span> <span class='ocrx_word' id='word_1_64' title='bbox 670 1058 782 1123; x_wconf 93' lang='lat' dir='ltr'>mundi</span> 
     </span>
     <span class='ocr_line' id='line_1_11' title="bbox 99 1146 914 1212; baseline 0.001 -2"><span class='ocrx_word' id='word_1_65' title='bbox 99 1147 235 1210; x_wconf 87' lang='lat' dir='ltr'>Pectora</span> <span class='ocrx_word' id='word_1_66' title='bbox 258 1149 325 1210; x_wconf 89' lang='lat' dir='ltr'>tam</span> <span class='ocrx_word' id='word_1_67' title='bbox 348 1146 460 1210; x_wconf 92' lang='lat' dir='ltr'>multis</span> <span class='ocrx_word' id='word_1_68' title='bbox 485 1146 604 1210; x_wconf 89' lang='lat' dir='ltr'>sineret</span> <span class='ocrx_word' id='word_1_69' title='bbox 626 1147 777 1211; x_wconf 87' lang='lat' dir='ltr'>mortalia</span> <span class='ocrx_word' id='word_1_70' title='bbox 801 1147 914 1212; x_wconf 87' lang='lat' dir='ltr'>saeclis</span> 
     </span>
     <span class='ocr_line' id='line_1_12' title="bbox 99 1234 552 1299; baseline 0 -1"><span class='ocrx_word' id='word_1_71' title='bbox 99 1234 276 1299; x_wconf 74' lang='lat' dir='ltr'>Auctorem</span> <span class='ocrx_word' id='word_1_72' title='bbox 298 1235 421 1298; x_wconf 92' lang='lat' dir='ltr'>nescire</span> <span class='ocrx_word' id='word_1_73' title='bbox 445 1256 552 1298; x_wconf 92' lang='lat' dir='ltr'>suum:</span> 
     </span>
     <span class='ocr_line' id='line_1_13' title="bbox 593 1322 924 1408; baseline 0.006 -21"><span class='ocrx_word' id='word_1_74' title='bbox 593 1322 638 1387; x_wconf 79' lang='lat' dir='ltr'>Te</span> <span class='ocrx_word' id='word_1_75' title='bbox 662 1325 789 1389; x_wconf 89' lang='lat' dir='ltr'>conscia</span> <span class='ocrx_word' id='word_1_76' title='bbox 811 1328 924 1408; x_wconf 87' lang='lat' dir='ltr'>partus</span> 
     </span>
     <span class='ocr_line' id='line_1_14' title="bbox 99 1411 910 1495; baseline 0.002 -19"><span class='ocrx_word' id='word_1_77' title='bbox 99 1411 205 1477; x_wconf 90' lang='lat' dir='ltr'>Mater</span> <span class='ocrx_word' id='word_1_78' title='bbox 228 1416 260 1476; x_wconf 91' lang='lat' dir='ltr'>et</span> <span class='ocrx_word' id='word_1_79' title='bbox 283 1411 415 1476; x_wconf 73' lang='lat' dir='ltr'>attoniti</span> <span class='ocrx_word' id='word_1_80' title='bbox 438 1412 596 1495; x_wconf 89' lang='lat' dir='ltr'>pecudum</span> <span class='ocrx_word' id='word_1_81' title='bbox 620 1434 746 1478; x_wconf 87' lang='lat' dir='ltr'>sensere</span> <span class='ocrx_word' id='word_1_82' title='bbox 769 1413 910 1478; x_wconf 89' lang='lat' dir='ltr'>timores.</span> 
     </span>
     <span class='ocr_line' id='line_1_15' title="bbox 100 1500 840 1567; baseline 0 -1"><span class='ocrx_word' id='word_1_83' title='bbox 100 1501 145 1566; x_wconf 82' lang='lat' dir='ltr'>Te</span> <span class='ocrx_word' id='word_1_84' title='bbox 168 1523 252 1566; x_wconf 88' lang='lat' dir='ltr'>nova</span> <span class='ocrx_word' id='word_1_85' title='bbox 276 1501 417 1566; x_wconf 89' lang='lat' dir='ltr'>sollicito</span> <span class='ocrx_word' id='word_1_86' title='bbox 440 1501 617 1565; x_wconf 81' lang='lat' dir='ltr'>lustrantes</span> <span class='ocrx_word' id='word_1_87' title='bbox 641 1500 746 1567; x_wconf 89' lang='lat' dir='ltr'>sidera</span> <span class='ocrx_word' id='word_1_88' title='bbox 768 1503 840 1567; x_wconf 80' lang='lat' dir='ltr'>visu</span> 
     </span>
     <span class='ocr_line' id='line_1_16' title="bbox 100 1589 830 1675; baseline 0.001 -20"><span class='ocrx_word' id='word_1_89' title='bbox 100 1589 139 1655; x_wconf 88' lang='lat' dir='ltr'>In</span> <span class='ocrx_word' id='word_1_90' title='bbox 163 1590 250 1654; x_wconf 92' lang='lat' dir='ltr'>caelo</span> <span class='ocrx_word' id='word_1_91' title='bbox 274 1589 381 1654; x_wconf 82' lang='lat' dir='ltr'>uidere</span> <span class='ocrx_word' id='word_1_92' title='bbox 403 1590 509 1675; x_wconf 87' lang='lat' dir='ltr'>prius,</span> <span class='ocrx_word' id='word_1_93' title='bbox 532 1591 704 1674; x_wconf 89' lang='lat' dir='ltr'>lumenque</span> <span class='ocrx_word' id='word_1_94' title='bbox 728 1592 830 1656; x_wconf 88' lang='lat' dir='ltr'>secuti</span> 
     </span>
     <span class='ocr_line' id='line_1_17' title="bbox 100 1677 856 1764; baseline 0.001 -21"><span class='ocrx_word' id='word_1_95' title='bbox 100 1677 254 1743; x_wconf 81' lang='lat' dir='ltr'>Invenere</span> <span class='ocrx_word' id='word_1_96' title='bbox 277 1678 372 1764; x_wconf 84' lang='lat' dir='ltr'>magi.</span> <span class='ocrx_word' id='word_1_97' title='bbox 409 1677 459 1743; x_wconf 79' lang='lat' dir='ltr'>Tu</span> <span class='ocrx_word' id='word_1_98' title='bbox 481 1679 579 1743; x_wconf 86' lang='lat' dir='ltr'>noxia</span> <span class='ocrx_word' id='word_1_99' title='bbox 601 1683 733 1763; x_wconf 87' lang='lat' dir='ltr'>pectora</span> <span class='ocrx_word' id='word_1_100' title='bbox 756 1680 856 1744; x_wconf 87' lang='lat' dir='ltr'>solvis</span> 
     </span>
     <span class='ocr_line' id='line_1_18' title="bbox 100 1767 1117 1851; baseline 0.003 -21"><span class='ocrx_word' id='word_1_101' title='bbox 100 1767 303 1850; x_wconf 78' lang='lat' dir='ltr'>Elapsusque</span> <span class='ocrx_word' id='word_1_102' title='bbox 326 1767 450 1830; x_wconf 87' lang='lat' dir='ltr'>animas</span> <span class='ocrx_word' id='word_1_103' title='bbox 472 1767 508 1830; x_wconf 93' lang='lat' dir='ltr'>in</span> <span class='ocrx_word' id='word_1_104' title='bbox 531 1788 665 1851; x_wconf 88' lang='lat' dir='ltr'>corpora</span> <span class='ocrx_word' id='word_1_105' title='bbox 688 1767 800 1832; x_wconf 81' lang='lat' dir='ltr'>iuncta</span> <span class='ocrx_word' id='word_1_106' title='bbox 823 1768 948 1832; x_wconf 85' lang='lat' dir='ltr'>reducis</span> <span class='ocrx_word' id='word_1_107' title='bbox 1082 1785 1117 1833; x_wconf 78' lang='lat'>20</span> 
     </span>
     <span class='ocr_line' id='line_1_19' title="bbox 100 1854 880 1942; baseline -0.003 -22"><span class='ocrx_word' id='word_1_108' title='bbox 100 1855 146 1920; x_wconf 82' lang='lat' dir='ltr'>Et</span> <span class='ocrx_word' id='word_1_109' title='bbox 169 1856 270 1920; x_wconf 86' lang='lat' dir='ltr'>vitam</span> <span class='ocrx_word' id='word_1_110' title='bbox 292 1876 433 1919; x_wconf 89' lang='lat' dir='ltr'>remeare</span> <span class='ocrx_word' id='word_1_111' title='bbox 455 1854 556 1920; x_wconf 90' lang='lat' dir='ltr'>iubes.</span> <span class='ocrx_word' id='word_1_112' title='bbox 593 1854 642 1920; x_wconf 83' lang='lat' dir='ltr'>Tu</span> <span class='ocrx_word' id='word_1_113' title='bbox 664 1855 736 1942; x_wconf 86' lang='lat' dir='ltr'>lege</span> <span class='ocrx_word' id='word_1_114' title='bbox 759 1855 880 1939; x_wconf 88' lang='lat' dir='ltr'>recepti</span> 
     </span>
     <span class='ocr_line' id='line_1_20' title="bbox 100 1941 983 2027; baseline -0.001 -18"><span class='ocrx_word' id='word_1_115' title='bbox 100 1943 245 2009; x_wconf 89' lang='lat' dir='ltr'>Muneris</span> <span class='ocrx_word' id='word_1_116' title='bbox 269 1943 310 2007; x_wconf 91' lang='lat' dir='ltr'>ad</span> <span class='ocrx_word' id='word_1_117' title='bbox 331 1941 443 2008; x_wconf 87' lang='lat' dir='ltr'>Manes</span> <span class='ocrx_word' id='word_1_118' title='bbox 466 1947 616 2027; x_wconf 88' lang='lat' dir='ltr'>penetras</span> <span class='ocrx_word' id='word_1_119' title='bbox 639 1944 818 2027; x_wconf 87' lang='lat' dir='ltr'>mortisque</span> <span class='ocrx_word' id='word_1_120' title='bbox 841 1944 983 2010; x_wconf 90' lang='lat' dir='ltr'>latebras</span> 
     </span>
     <span class='ocr_line' id='line_1_21' title="bbox 102 2030 866 2098; baseline 0.001 -1"><span class='ocrx_word' id='word_1_121' title='bbox 102 2032 289 2098; x_wconf 80' lang='lat' dir='ltr'>inmortalis</span> <span class='ocrx_word' id='word_1_122' title='bbox 313 2032 391 2097; x_wconf 88' lang='lat' dir='ltr'>adis.</span> <span class='ocrx_word' id='word_1_123' title='bbox 427 2030 528 2097; x_wconf 88' lang='lat' dir='ltr'>Nasci</span> <span class='ocrx_word' id='word_1_124' title='bbox 550 2032 612 2096; x_wconf 88' lang='lat' dir='ltr'>tibi</span> <span class='ocrx_word' id='word_1_125' title='bbox 634 2054 702 2096; x_wconf 92' lang='lat' dir='ltr'>non</span> <span class='ocrx_word' id='word_1_126' title='bbox 724 2032 786 2098; x_wconf 80' lang='lat' dir='ltr'>luit</span> <span class='ocrx_word' id='word_1_127' title='bbox 809 2034 866 2097; x_wconf 91' lang='lat' dir='ltr'>uni</span> 
     </span>
     <span class='ocr_line' id='line_1_22' title="bbox 102 2120 910 2206; baseline -0.001 -19"><span class='ocrx_word' id='word_1_128' title='bbox 102 2121 302 2205; x_wconf 90' lang='lat' dir='ltr'>Principium</span> <span class='ocrx_word' id='word_1_129' title='bbox 325 2121 464 2205; x_wconf 87' lang='lat' dir='ltr'>finisque</span> <span class='ocrx_word' id='word_1_130' title='bbox 486 2120 584 2206; x_wconf 84' lang='lat' dir='ltr'>mori,</span> <span class='ocrx_word' id='word_1_131' title='bbox 607 2120 664 2184; x_wconf 87' lang='lat' dir='ltr'>sed</span> <span class='ocrx_word' id='word_1_132' title='bbox 685 2125 780 2185; x_wconf 91' lang='lat' dir='ltr'>nocte</span> <span class='ocrx_word' id='word_1_133' title='bbox 802 2121 910 2186; x_wconf 84' lang='lat' dir='ltr'>refusa</span> 
     </span>
     <span class='ocr_line' id='line_1_23' title="bbox 102 2209 961 2295; baseline 0.001 -20"><span class='ocrx_word' id='word_1_134' title='bbox 102 2210 142 2275; x_wconf 90' lang='lat' dir='ltr'>In</span> <span class='ocrx_word' id='word_1_135' title='bbox 164 2211 288 2275; x_wconf 88' lang='lat' dir='ltr'>caelum</span> <span class='ocrx_word' id='word_1_136' title='bbox 310 2214 499 2293; x_wconf 90' lang='lat' dir='ltr'>patremque</span> <span class='ocrx_word' id='word_1_137' title='bbox 522 2209 607 2274; x_wconf 88' lang='lat' dir='ltr'>redis</span> <span class='ocrx_word' id='word_1_138' title='bbox 630 2231 806 2293; x_wconf 89' lang='lat' dir='ltr'>rursusque</span> <span class='ocrx_word' id='word_1_139' title='bbox 828 2212 961 2295; x_wconf 89' lang='lat' dir='ltr'>perenni</span> 
     </span>
     <span class='ocr_line' id='line_1_24' title="bbox 104 2298 832 2384; baseline 0 -21"><span class='ocrx_word' id='word_1_140' title='bbox 104 2299 222 2364; x_wconf 88' lang='lat' dir='ltr'>Ordine</span> <span class='ocrx_word' id='word_1_141' title='bbox 244 2298 393 2384; x_wconf 86' lang='lat' dir='ltr'>purgatis</span> <span class='ocrx_word' id='word_1_142' title='bbox 418 2298 532 2362; x_wconf 89' lang='lat' dir='ltr'>adimis</span> <span class='ocrx_word' id='word_1_143' title='bbox 556 2298 706 2384; x_wconf 85' lang='lat' dir='ltr'>contagia</span> <span class='ocrx_word' id='word_1_144' title='bbox 728 2299 832 2364; x_wconf 84' lang='lat' dir='ltr'>terris.</span> 
     </span>
     <span class='ocr_line' id='line_1_25' title="bbox 102 2387 949 2472; baseline 0 -20"><span class='ocrx_word' id='word_1_145' title='bbox 102 2387 152 2452; x_wconf 79' lang='lat' dir='ltr'>Tu</span> <span class='ocrx_word' id='word_1_146' title='bbox 176 2388 265 2452; x_wconf 90' lang='lat' dir='ltr'>solus</span> <span class='ocrx_word' id='word_1_147' title='bbox 287 2387 454 2472; x_wconf 89' lang='lat' dir='ltr'>patrisque</span> <span class='ocrx_word' id='word_1_148' title='bbox 478 2408 597 2469; x_wconf 88' lang='lat' dir='ltr'>eomes,</span> <span class='ocrx_word' id='word_1_149' title='bbox 619 2391 657 2451; x_wconf 91' lang='lat' dir='ltr'>tu</span> <span class='ocrx_word' id='word_1_150' title='bbox 681 2387 815 2471; x_wconf 92' lang='lat' dir='ltr'>spiritus</span> <span class='ocrx_word' id='word_1_151' title='bbox 837 2387 949 2453; x_wconf 88' lang='lat' dir='ltr'>insons</span> 
     </span>
     <span class='ocr_line' id='line_1_26' title="bbox 102 2475 962 2562; baseline 0 -20"><span class='ocrx_word' id='word_1_152' title='bbox 102 2477 148 2542; x_wconf 85' lang='lat' dir='ltr'>Et</span> <span class='ocrx_word' id='word_1_153' title='bbox 170 2477 269 2542; x_wconf 87' lang='lat' dir='ltr'>toties</span> <span class='ocrx_word' id='word_1_154' title='bbox 292 2498 377 2541; x_wconf 91' lang='lat' dir='ltr'>unus</span> <span class='ocrx_word' id='word_1_155' title='bbox 399 2475 584 2560; x_wconf 82' lang='lat' dir='ltr'>triplicique</span> <span class='ocrx_word' id='word_1_156' title='bbox 607 2476 642 2539; x_wconf 95' lang='lat' dir='ltr'>in</span> <span class='ocrx_word' id='word_1_157' title='bbox 663 2477 793 2541; x_wconf 93' lang='lat' dir='ltr'>nomine</span> <span class='ocrx_word' id='word_1_158' title='bbox 817 2477 962 2562; x_wconf 88' lang='lat' dir='ltr'>simplex.</span> 
     </span>
     <span class='ocr_line' id='line_1_27' title="bbox 171 2564 1083 2652; baseline 0.001 -22"><span class='ocrx_word' id='word_1_159' title='bbox 171 2565 269 2652; x_wconf 80' lang='lat' dir='ltr'>Quid,</span> <span class='ocrx_word' id='word_1_160' title='bbox 291 2564 355 2630; x_wconf 90' lang='lat' dir='ltr'>nisi</span> <span class='ocrx_word' id='word_1_161' title='bbox 377 2587 437 2649; x_wconf 94' lang='lat' dir='ltr'>pro</span> <span class='ocrx_word' id='word_1_162' title='bbox 461 2566 599 2651; x_wconf 85' lang='lat' dir='ltr'>cunctis,</span> <span class='ocrx_word' id='word_1_163' title='bbox 621 2565 710 2630; x_wconf 87' lang='lat' dir='ltr'>aliud</span> <span class='ocrx_word' id='word_1_164' title='bbox 733 2566 805 2649; x_wconf 93' lang='lat' dir='ltr'>quis</span> <span class='ocrx_word' id='word_1_165' title='bbox 830 2567 956 2632; x_wconf 87' lang='lat' dir='ltr'>eredere</span> <span class='ocrx_word' id='word_1_166' title='bbox 978 2566 1083 2650; x_wconf 92' lang='lat' dir='ltr'>possit</span> 
     </span>
     <span class='ocr_line' id='line_1_28' title="bbox 102 2652 1118 2742; baseline 0.001 -23"><span class='ocrx_word' id='word_1_167' title='bbox 102 2654 147 2719; x_wconf 82' lang='lat' dir='ltr'>Te</span> <span class='ocrx_word' id='word_1_168' title='bbox 170 2655 316 2740; x_wconf 89' lang='lat' dir='ltr'>potuisse</span> <span class='ocrx_word' id='word_1_169' title='bbox 338 2654 435 2742; x_wconf 85' lang='lat' dir='ltr'>mori,</span> <span class='ocrx_word' id='word_1_170' title='bbox 457 2658 586 2739; x_wconf 87' lang='lat' dir='ltr'>poteras</span> <span class='ocrx_word' id='word_1_171' title='bbox 611 2654 667 2738; x_wconf 90' lang='lat' dir='ltr'>qui</span> <span class='ocrx_word' id='word_1_172' title='bbox 689 2652 820 2720; x_wconf 89' lang='lat' dir='ltr'>reddere</span> <span class='ocrx_word' id='word_1_173' title='bbox 842 2655 967 2720; x_wconf 81' lang='lat' dir='ltr'>vitam?</span> <span class='ocrx_word' id='word_1_174' title='bbox 1084 2671 1118 2720; x_wconf 87' lang='lat'>30</span> 
     </span>
    </p>
   </div>
   <div class='ocr_carea' id='block_1_3' title="bbox 505 2847 717 2915">
    <p class='ocr_par' dir='ltr' id='par_1_3' title="bbox 505 2847 717 2915">
     <span class='ocr_line' id='line_1_29' title="bbox 505 2847 717 2915; baseline 0 -15"><span class='ocrx_word' id='word_1_175' title='bbox 505 2847 576 2902; x_wconf 77' lang='lat' dir='ltr'>xxi.</span> <span class='ocrx_word' id='word_1_176' title='bbox 597 2847 717 2915; x_wconf 71' lang='lat' dir='ltr'>(xcix.)</span> 
     </span>
    </p>
   </div>
   <div class='ocr_carea' id='block_1_4' title="bbox 412 2976 810 3039">
    <p class='ocr_par' dir='ltr' id='par_1_4' title="bbox 412 2976 810 3039">
     <span class='ocr_line' id='line_1_30' title="bbox 412 2976 810 3039; baseline 0 -3"><span class='ocrx_word' id='word_1_177' title='bbox 412 2978 620 3039; x_wconf 74' lang='lat' dir='ltr'><strong>MIRACVLA</strong></span> <span class='ocrx_word' id='word_1_178' title='bbox 644 2976 810 3037; x_wconf 77' lang='lat' dir='ltr'>CHRISTI.</span> 
     </span>
    </p>
   </div>
   <div class='ocr_carea' id='block_1_5' title="bbox 103 3095 1035 3449">
    <p class='ocr_par' dir='ltr' id='par_1_5' title="bbox 103 3095 1009 3272">
     <span class='ocr_line' id='line_1_31' title="bbox 103 3095 1009 3183; baseline -0.001 -22"><span class='ocrx_word' id='word_1_179' title='bbox 103 3095 250 3183; x_wconf 84' lang='lat' dir='ltr'>Angelus</span> <span class='ocrx_word' id='word_1_180' title='bbox 273 3095 460 3180; x_wconf 90' lang='lat' dir='ltr'>adloquitur</span> <span class='ocrx_word' id='word_1_181' title='bbox 481 3095 632 3182; x_wconf 85' lang='lat' dir='ltr'>Mariam,</span> <span class='ocrx_word' id='word_1_182' title='bbox 655 3119 719 3180; x_wconf 94' lang='lat' dir='ltr'>quo</span> <span class='ocrx_word' id='word_1_183' title='bbox 742 3097 887 3181; x_wconf 88' lang='lat' dir='ltr'>praescia</span> <span class='ocrx_word' id='word_1_184' title='bbox 909 3097 1009 3162; x_wconf 83' lang='lat' dir='ltr'>verbo</span> 
     </span>
     <span class='ocr_line' id='line_1_32' title="bbox 151 3184 767 3272; baseline 0.003 -23"><span class='ocrx_word' id='word_1_185' title='bbox 151 3184 319 3268; x_wconf 79' lang='lat' dir='ltr'>Concipiet</span> <span class='ocrx_word' id='word_1_186' title='bbox 343 3185 432 3250; x_wconf 79' lang='lat' dir='ltr'>salva</span> <span class='ocrx_word' id='word_1_187' title='bbox 454 3185 641 3272; x_wconf 83' lang='lat' dir='ltr'>virginitate</span> <span class='ocrx_word' id='word_1_188' title='bbox 665 3184 767 3251; x_wconf 89' lang='lat' dir='ltr'>deum.</span> 
     </span>
    </p>

    <p class='ocr_par' dir='ltr' id='par_1_6' title="bbox 104 3273 1035 3449">
     <span class='ocr_line' id='line_1_33' title="bbox 104 3273 950 3360; baseline 0 -22"><span class='ocrx_word' id='word_1_189' title='bbox 104 3274 193 3338; x_wconf 85' lang='lat' dir='ltr'>Dant</span> <span class='ocrx_word' id='word_1_190' title='bbox 215 3274 277 3338; x_wconf 90' lang='lat' dir='ltr'>tibi</span> <span class='ocrx_word' id='word_1_191' title='bbox 301 3273 453 3339; x_wconf 78' lang='lat' dir='ltr'>Chaldaei</span> <span class='ocrx_word' id='word_1_192' title='bbox 474 3274 667 3359; x_wconf 90' lang='lat' dir='ltr'>praenuntia</span> <span class='ocrx_word' id='word_1_193' title='bbox 688 3296 822 3339; x_wconf 87' lang='lat' dir='ltr'>munera</span> <span class='ocrx_word' id='word_1_194' title='bbox 844 3295 950 3360; x_wconf 83' lang='lat' dir='ltr'>reges:</span> 
     </span>
     <span class='ocr_line' id='line_1_34' title="bbox 149 3362 1035 3449; baseline 0.002 -24"><span class='ocrx_word' id='word_1_195' title='bbox 149 3362 316 3446; x_wconf 88' lang='lat' dir='ltr'>Myrrham</span> <span class='ocrx_word' id='word_1_196' title='bbox 338 3364 450 3449; x_wconf 85' lang='lat' dir='ltr'>homo,</span> <span class='ocrx_word' id='word_1_197' title='bbox 473 3386 529 3428; x_wconf 86' lang='lat' dir='ltr'>rex</span> <span class='ocrx_word' id='word_1_198' title='bbox 552 3386 680 3449; x_wconf 81' lang='lat' dir='ltr'>aurum,</span> <span class='ocrx_word' id='word_1_199' title='bbox 703 3364 829 3448; x_wconf 84' lang='lat' dir='ltr'>suscipe</span> <span class='ocrx_word' id='word_1_200' title='bbox 852 3367 926 3427; x_wconf 88' lang='lat' dir='ltr'>tura</span> <span class='ocrx_word' id='word_1_201' title='bbox 949 3362 1035 3428; x_wconf 92' lang='lat' dir='ltr'>deus.</span> 
     </span>
    </p>
   </div>
   <div class='ocr_carea' id='block_1_6' title="bbox 176 3555 1042 3629">
    <p class='ocr_par' dir='ltr' id='par_1_7' title="bbox 176 3555 1042 3629">
     <span class='ocr_line' id='line_1_35' title="bbox 176 3555 1042 3629; baseline -0.012 -17"><span class='ocrx_word' id='word_1_202' title='bbox 176 3555 228 3612; x_wconf 88' lang='lat' dir='ltr'>XX</span> <span class='ocrx_word' id='word_1_203' title='bbox 247 3563 262 3611; x_wconf 88' lang='grc'>9</span> <span class='ocrx_word' id='word_1_204' title='bbox 282 3556 338 3627; x_wconf 90' lang='lat' dir='ltr'>tui]</span> <span class='ocrx_word' id='word_1_205' title='bbox 358 3555 495 3628; x_wconf 57' lang='lat' dir='ltr'>&amp;alcyon</span> <span class='ocrx_word' id='word_1_206' title='bbox 514 3555 564 3611; x_wconf 82' lang='lat' dir='ltr'>sui.</span> <span class='ocrx_word' id='word_1_207' title='bbox 638 3562 672 3612; x_wconf 74' lang='lat'>23</span> <span class='ocrx_word' id='word_1_208' title='bbox 690 3557 767 3629; x_wconf 54' lang='lat' dir='ltr'>nont</span> <span class='ocrx_word' id='word_1_209' title='bbox 782 3557 1042 3620; x_wconf 51' lang='lat' dir='ltr'>Gcsucuusmm.</span> 
     </span>
    </p>
   </div>
   <div class='ocr_carea' id='block_1_7' title="bbox 0 0 1232 3832">
    <p class='ocr_par' dir='ltr' id='par_1_8' title="bbox 0 0 1232 3832">
     <span class='ocr_line' id='line_1_36' title="bbox 0 0 1232 3832; baseline 0 0"><span class='ocrx_word' id='word_1_210' title='bbox 0 0 1232 3832; x_wconf 95' lang='lat' dir='ltr'> </span> 
     </span>
    </p>
   </div>
  </div>
 </body>
</html>
