2438 3832
192 156 301 240 onan.
320 183 449 239 uruca.
468 181 547 237 xxv
566 180 799 253 (arrianum.
821 180 1010 250 11111011).
1048 179 1113 243 229

98 347 281 431 Temperies
305 346 455 430 doctique
479 345 562 409 sales
586 349 619 408 et
641 349 735 431 grata
758 343 928 408 senectus?
1081 357 1115 407 65

96 435 160 500 Per
184 439 317 500 cunctos
340 435 379 499 iit
401 435 457 499 ille
481 434 601 520 gradus
625 433 780 516 aulaeque
803 433 932 497 labores

96 524 258 589 Emensus
281 524 386 588 tenuit
410 545 553 587 summae
576 522 709 608 fastigia
732 522 817 586 sedis

96 613 204 679 Eoum
228 613 338 677 stabili
361 613 546 677 moderatus
569 611 639 675 iure
664 614 819 675 senatum.

95 702 158 765 Hic
182 701 333 785 splendor
355 702 472 766 iuveni.
511 700 680 765 Cunabula
702 700 807 783 prima
829 698 955 783 puellae

95 790 264 855 Danuvius
288 795 476 874 veteresque
499 789 601 854 Tomi.
638 789 799 853 Mavortia
821 787 936 851 matris
1082 802 1115 850 70

95 878 261 945 Nobilitas
285 879 398 963 spoliis
422 878 584 960 armisque
607 879 732 942 exultat
756 877 852 941 avitis

95 966 341 1051 Inmensamque
365 967 466 1031 trahit
491 966 629 1031 Celerini
652 967 768 1031 robore
792 966 910 1051 lucem,

98 1055 160 1133 Qui
184 1057 346 1139 quondam
369 1056 501 1120 Meroen
523 1056 631 1119 iussus
654 1055 832 1138 Nilumque
854 1053 953 1137 tueri,

98 1144 179 1208 Oum
203 1144 267 1208 sibi
289 1149 365 1228 post
389 1145 498 1209 obitus
522 1148 554 1207 et
577 1143 729 1208 Parthica
752 1143 890 1207 fulmina
913 1163 986 1205 caro

96 1232 230 1316 Sceptra
254 1233 343 1297 daret
367 1233 459 1296 miles
482 1232 644 1316 rebusque
667 1233 832 1316 imponere
855 1231 967 1315 vellet,
1080 1244 1114 1295 75

98 1322 252 1404 Despexit
275 1321 424 1386 fremitus
448 1325 480 1385 et
503 1321 658 1404 praetulit
683 1320 749 1384 otia
772 1341 887 1406 regn03

95 1410 233 1494 Respuit
256 1411 434 1497 ingestum,
458 1409 545 1494 quod
567 1411 613 1494 vi,
638 1408 725 1493 quod
747 1430 878 1493 poscere
902 1408 988 1472 ferro

94 1498 288 1563 Posthabito
310 1500 431 1583 pietate
455 1500 569 1564 solent.
606 1498 689 1562 Tum
711 1520 855 1582 purpura
877 1497 1019 1582 primum

94 1584 232 1651 Inferior
255 1587 375 1652 virtute
398 1589 461 1652 fuit
484 1587 667 1670 meruitque
692 1588 855 1670 repulsam

95 1673 198 1739 Obvia
220 1676 381 1741 maiestas.
419 1676 534 1740 Doluit
556 1676 702 1740 Fortuna
725 1676 882 1740 minorem
1079 1689 1113 1738 80

95 1761 135 1826 Se
160 1764 307 1828 confessa
330 1765 408 1829 viro.
445 1765 602 1851 Magnum
625 1764 731 1828 delata
753 1768 914 1848 potestas,

93 1851 250 1916 Maiorem
274 1857 459 1937 contempta
481 1852 608 1935 probat.

653 1939 867 2026 ‘Cognomina
892 1939 1030 2024 sumpsit

93 2026 194 2092 Plena
218 2029 335 2093 ducum
358 2029 495 2115 genitor.
531 2027 696 2092 Paulatim
719 2033 830 2092 vectus
853 2029 894 2092 ad
917 2029 1019 2093 altum

93 2116 248 2201 Princeps
271 2117 421 2202 militiae,
445 2140 509 2200 qua
531 2139 599 2181 non
620 2116 790 2181 inlustrior
813 2121 903 2181 extat

92 2204 219 2291 Altera,
243 2208 433 2270 cunctorum
456 2205 585 2268 tabulas
609 2205 759 2291 adsignat
781 2205 955 2291 honorum,
1077 2222 1111 2270 85

93 2294 270 2357 Raetorum
292 2298 412 2358 tractat
435 2316 601 2378 numeros,
625 2294 820 2380 constringit
843 2295 878 2359 in
900 2318 1000 2359 unum

93 2382 229 2465 Sparsas
252 2382 380 2465 imperii
402 2382 488 2446 vires
513 2404 694 2467 cuneosque
718 2388 863 2448 recenset

92 2470 293 2556 Dispositos:
318 2473 399 2555 qnae
423 2470 611 2536 Sarmaticis
635 2473 782 2537 custodia
805 2473 897 2558 ripis,

94 2559 182 2637 Quae
207 2560 310 2624 saevis
335 2560 461 2624 obiecta
486 2559 590 2647 Getis,
614 2584 696 2646 quae
719 2561 848 2627 Saxona
870 2563 977 2626 frenat

90 2648 153 2712 Vel
177 2648 326 2724 Scottum
349 2650 449 2736 legio,
473 2653 612 2733 quantae
636 2651 763 2715 cinxere
786 2651 936 2715 cohortes
1076 2669 1115 2717 eo

92 2735 267 2823 Oceanum,
292 2742 413 2821 quanto
436 2742 571 2822 pacatur
593 2739 698 2803 milite
721 2739 864 2803 Rhenus.

93 2823 190 2889 Casta
213 2825 341 2912 domus,
365 2827 488 2892 sincera
511 2826 604 2912 fides,
626 2827 788 2891 industria
811 2827 934 2892 sollers

91 2912 202 3000 Elegit
226 2913 377 3000 Stilich03
400 2915 483 2979 nihil
505 2915 593 2979 ultra
616 2915 766 2978 laudibus
791 2914 864 2979 addi

90 2999 254 3067 Indiciere
276 3007 393 3087 potest.
431 3002 503 3067 'Pali
525 3002 668 3067 nubente
690 3003 799 3086 puella

90 3088 208 3154 Nonne
231 3091 293 3155 tibi
316 3114 440 3157 cessare
462 3092 576 3155 nefas?
613 3091 685 3155 Duc
706 3091 856 3176 protinus
881 3114 1006 3178 omnes,
1073 3111 1114 3158 95-¹

89 3178 162 3242 Duc
185 3201 253 3264 age.
289 3180 470 3245 Marcentes
493 3180 588 3264 cupio
613 3203 766 3264 quassare
789 3203 925 3247 coronas

89 3266 134 3331 Et
157 3266 285 3332 vibrare
307 3269 393 3333 faces
417 3272 449 3334 et
471 3273 600 3333 noctem
624 3268 738 3335 ducere
761 3270 847 3336 ludo.

88 3355 177 3419 Haeo
202 3378 330 3439 quoque
352 3379 419 3422 non
441 3358 538 3422 vilem
560 3358 625 3422 iam
649 3360 760 3424 fistula
784 3359 966 3424 commodat
989 3381 1085 3423 usum

87 3445 297 3529 Responsura
321 3445 448 3510 choris?

491 3535 556 3599 Vix
579 3536 658 3602 haec
680 3537 1056 3623 Ηγ111011110110111,’1110ι
