2438 3832
125 156 169 221 86
189 153 335 211 OLAVDII
345 153 544 210 OLAVDIANI
554 153 593 208 IN
603 151 1143 210 EVTROPIVMLIBERSEOVNDVS.

122 319 215 384 Bella
239 318 319 383 sinu.
365 318 465 405 Legio
489 317 613 401 pridem
635 317 782 382 Romana
807 315 1006 403 Gruthungi,

122 406 197 472 Iura
221 407 339 491 quibus
362 407 457 471 victis
481 407 639 491 dedimuS,
663 406 780 489 quibus
804 428 880 470 arva
904 405 1082 489 domusque

121 495 347 582 Praebuimus‚
370 496 478 579 Lydos
501 494 662 578 Asiaeque
685 495 848 559 uberrima
871 498 1000 559 vastant

121 584 257 670 Ignibus
281 589 313 649 et
337 585 364 648 si
389 584 467 668 quid
489 588 664 667 tempestas
687 584 792 667 prima
815 584 954 666 rehquit.

120 673 190 738 Nec
212 675 244 737 vi
267 695 326 737 nec
348 695 482 738 numero
505 673 594 757 freti3
619 672 674 736 sed
696 673 812 737 inertia
834 673 939 736 nutrit
1087 688 1142 740 580

119 762 330 846 Proditioque
354 762 484 847 ducum,
508 783 645 844 quorum
668 783 726 844 per
749 761 882 826 crimina
905 761 998 824 miles

122 849 265 934 Captivis
290 852 345 914 dat
363 855 455 937 terga
480 851 560 935 suis,
585 872 666 933 quos
690 854 773 914 teste
794 851 925 937 subegit

120 939 284 1025 Danuvio,
306 944 495 1022 partemque
518 940 611 1003 timet
636 940 691 1022 qui
714 939 856 1022 reppulit
880 960 999 1003 omnes.

187 1027 284 1092 ‘Aula
308 1029 414 1092 choris
439 1029 606 1112 epulisque
628 1031 721 1092 vacat
743 1049 803 1092 nec
825 1027 951 1111 perdita
974 1031 1079 1112 curat,

119 1117 207 1181 Dum
231 1122 376 1201 superest
400 1117 530 1200 ahquid.
575 1117 626 1183 Ne
651 1116 729 1200 quid
750 1121 860 1181 tamen
883 1117 960 1180 orbe
983 1117 1086 1181 reciso

119 1205 278 1270 Venditor
301 1208 444 1291 amittat,
467 1207 633 1290 provincia
657 1227 802 1289 quaeque
826 1209 989 1289 superstes
1087 1222 1140 1273 586

118 1294 283 1359 Dividitur
306 1296 534 1382 geminumque
558 1294 675 1378 duplex
697 1316 832 1378 passura
855 1294 1000 1358 tribunal

120 1381 255 1469 Cogitur
279 1384 412 1447 alterius
435 1384 575 1466 pretium
599 1383 716 1447 sarcire
739 1387 931 1467 peremptae.

120 1469 174 1536 Sic
196 1471 278 1535 mihi
302 1472 480 1536 restituunt
502 1471 655 1556 populos3
678 1471 739 1536 hac
762 1476 831 1536 arte
854 1476 981 1555 reperta

117 1560 293 1624 Rectorum
314 1582 485 1624 numerum
507 1560 603 1624 terris
626 1561 837 1644 pereuntibus
861 1565 988 1646 augent.
1086 1577 1140 1628 590

185 1647 236 1712 ‘ln
258 1653 290 1712 te
314 1649 379 1712 iam
403 1671 476 1732 spes
499 1672 564 1713 una
586 1649 677 1714 mihi.
723 1649 787 1713 Pro
810 1649 924 1714 fronde
947 1647 1113 1714 Minervae

117 1737 196 1824 Has,
219 1737 366 1823 Stilicho,
388 1738 485 1802 tendo
509 1738 672 1802 lacrimas:
697 1760 846 1803 succurre
869 1738 991 1823 ruenti,

118 1826 219 1910 Eripe
242 1849 293 1890 me
316 1826 459 1912 tandem,
483 1827 655 1891 servihbus
679 1827 766 1910 eripe
790 1827 908 1913 regnis,

116 1915 207 1980 Neve
231 1915 309 1979 adeo
333 1919 466 1979 cunctos
489 1937 665 1999 paucorum
689 1915 823 1980 crimine
847 1915 978 1979 damnes
1078 1931 1080 1935 ’

116 2004 186 2068 Nec
208 2025 292 2068 nova
315 2008 366 2067 tot
388 2004 514 2068 meritis
538 2005 660 2069 offensa
682 2004 847 2088 prioribus
872 2004 988 2068 obstet.
1080 2021 1134 2070 595

116 2091 252 2157 Iamiam
275 2093 367 2157 flecte
391 2094 542 2157 animum.
590 2091 746 2176 Suprema
768 2093 912 2176 pericula
936 2114 1062 2176 semper

115 2182 205 2246 Dant
227 2182 354 2246 veniam
378 2183 498 2267 culpae.
545 2181 698 2258 Quamvis
722 2182 824 2245 iratus
848 2186 880 2246 et
903 2181 978 2246 exul

116 2271 180 2336 Pro
203 2272 328 2354 patriae
351 2271 491 2334 flammis
513 2293 580 2334 non
604 2270 732 2334 distulit
756 2293 845 2334 arma
870 2269 1034 2335 Camillus,

117 2359 187 2425 Nec
210 2364 242 2423 te
266 2358 488 2423 subtrahimus
511 2359 620 2443 Latio3
645 2359 793 2423 defensor
814 2359 945 2443 utrique

116 2447 257 2512 Sufficis.
303 2446 478 2511 Armorum
500 2447 596 2512 liceat
620 2447 789 2532 splendore
812 2452 943 2512 tuorum
1083 2463 1136 2514 600

117 2534 157 2599 ln
181 2557 348 2600 commune
372 2536 450 2622 frui3
475 2536 597 2621 clipeus
619 2559 680 2601 nos
703 2540 854 2622 protegat
877 2535 963 2599 idem

117 2624 254 2708 Vnaque
277 2647 335 2709 pro
359 2625 489 2711 gemino
514 2625 646 2689 desudet
670 2625 798 2689 cardine
821 2625 946 2689 virtus?

192 2824 243 2874 592
264 2818 396 2887 Stilicho,
415 2819 515 2889 tendo]
535 2819 663 2888 Botion·
680 2817 735 2871 tibi
753 2817 900 2888 protendo.
