2438 3832
107 156 173 222 248
428 153 575 210 CLAVDH
594 154 792 211 CLAVDIANI

109 317 172 385 Sed
195 318 281 403 quod
303 317 450 382 Threicio
474 316 555 381 luno
578 317 747 402 placabilis
771 316 904 406 Orphei,

153 407 225 472 Hoc
247 408 369 491 poteris
392 406 477 472 votis
501 428 583 492 esse,
607 406 738 493 Serena,
762 408 850 472 meis.

108 494 202 561 Illius
226 499 394 580 expectent
416 496 607 560 famulantia
630 496 733 560 sidera
754 501 886 582 nutum3
1087 515 1122 564 35

154 583 220 650 Sub
243 585 379 669 pedibus
402 584 526 671 regitur
547 588 633 648 terra
656 585 838 668 fretumque
861 586 935 651 tuis.

108 671 186 739 Non
208 696 281 760 ego,
305 696 377 738 cum
399 678 554 758 peterem,
578 674 726 737 sollemni
749 696 837 738 more
860 697 1032 758 procorum

153 761 292 827 Promisi
315 762 468 850 gregibus
491 784 609 845 pascua
632 763 727 846 plena
749 763 829 827 meis

108 850 190 937 Nec,
215 851 301 935 qnod
323 852 411 915 mille
434 850 514 914 mihi
537 851 659 915 lateant
683 851 742 915 snb
765 852 898 936 palmite
922 854 1021 917 colles

152 939 304 1005 Fluctuet
328 944 359 1005 εὴ
382 940 497 1026 glauca
519 940 649 1026 pinguis
673 940 759 1005 oliva
782 963 885 1027 coma,
1086 961 1122 1008 40

108 1027 191 1116 Nec,
214 1029 301 1112 quod
322 1033 435 1093 nostra
459 1027 553 1092 Ceres
575 1050 746 1093 numerosa
768 1030 850 1094 falce
873 1030 998 1095 laboret

153 1117 359 1201 Aurataeque
382 1119 487 1182 ferant
511 1118 650 1182 culmina
674 1118 759 1182 celsa
780 1118 898 1184 trabes.

111 1205 243 1273 Suffecit
266 1206 434 1271 mandasse
458 1206 561 1271 deam:
585 1210 641 1270 tua
664 1207 772 1271 littera
794 1207 889 1271 nobis

153 1296 198 1360 Et
221 1318 318 1379 pecus
342 1300 374 1360 et
397 1299 522 1382 segetes
545 1300 577 1359 et
599 1295 713 1359 domus
737 1296 843 1379 ampla
865 1297 937 1362 fuit.

109 1383 238 1448 inflexit
263 1406 390 1449 soceros
413 1388 445 1448 et
468 1384 635 1449 maiestate
657 1385 787 1468 petendi
1086 1404 1121 1451 45

154 1473 247 1536 Texit
270 1473 454 1556 pauperiem
476 1473 616 1537 nominis
639 1472 754 1536 umbra
776 1474 833 1538 tui.

110 1561 194 1639 Quid
215 1583 282 1625 non
304 1562 471 1644 perficeret
495 1561 665 1625 scribentis
687 1583 765 1626 voce
788 1561 924 1627 Serenae

153 1650 215 1715 Vel
237 1651 351 1737 genius
374 1651 466 1737 regni
488 1650 539 1715 vel
561 1649 692 1733 pietatis
715 1652 827 1715 amor?

107 1827 217 1911 Atque
239 1829 363 1892 utinam
387 1828 447 1892 sub
470 1828 541 1892 luce
563 1827 612 1891 tui
636 1828 836 1914 contingeret
860 1828 925 1892 oris

156 1918 310 2004 Coniugis
334 1921 366 1980 et
389 1917 503 1980 castris
527 1920 559 1981 et
583 1916 664 1980 solio
688 1916 798 2002 generi
1086 1937 1122 1983 50

110 2003 266 2090 Optatam
289 2006 448 2070 celebrare
472 2004 568 2069 diem!
592 2026 643 2069 me
665 2005 812 2090 iungeret
836 2028 955 2088 auspex

153 2095 313 2181 Purpura,
336 2116 386 2158 me
410 2098 522 2158 sancto
546 2094 687 2179 cingeret
711 2093 784 2156 aula
808 2094 919 2158 chorol

108 2182 154 2248 Et
177 2183 257 2247 mihi
280 2206 376 2266 quam
399 2183 528 2266 scriptis
552 2182 762 2265 desponderat
786 2187 859 2247 ante
882 2183 1035 2269 puellam,

156 2272 321 2358 Coniugiis
345 2271 453 2336 eadem
475 2271 622 2355 pronuba
646 2271 757 2335 dextra
780 2271 881 2336 daret!

108 2358 205 2426 Nune
226 2361 367 2425 medium
390 2359 542 2442 quoniam
564 2360 649 2424 votis
672 2360 849 2424 maioribus
872 2382 992 2444 aequor
1086 2379 1124 2426 55

153 2448 279 2513 Invidet
302 2452 334 2512 et
356 2448 495 2532 Libycae
519 2448 651 2512 dissidet
674 2470 730 2512 ora
752 2449 879 2535 plagae,

110 2536 231 2603 Saltem
255 2537 384 2623 absens,
406 2537 531 2623 regina,
554 2537 625 2601 fave
648 2536 833 2620 reditusque
857 2537 1013 2602 secundos

154 2625 268 2690 Adnue
292 2626 414 2690 sidereo
437 2626 522 2689 laeta
546 2625 725 2709 supercilio.

110 2716 280 2780 Terrarum
303 2719 340 2779 tu
362 2715 465 2799 pande
487 2714 570 2798 vias,
593 2717 630 2778 tu
652 2714 786 2777 mitibus
808 2715 906 2779 Euris

153 2804 304 2887 Aequora
326 2805 435 2888 pacari
457 2803 660 2888 prosperiora
682 2803 770 2889 iube,
1085 2823 1123 2871 eo

109 2892 156 2958 Vt
178 2893 239 2957 tibi
262 2893 404 2958 Pierides
427 2893 620 2975 doctumque
642 2893 745 2956 fluens
768 2891 937 2978 Aganippe

154 2982 273 3047 Debita
297 2987 423 3048 servato
446 2987 522 3048 vota
546 2981 661 3046 cliente
684 2985 808 3046 canant.

497 3174 608 3230 xxnu.
628 3174 735 3244 (xcv.)

453 3307 506 3366 DE
532 3306 777 3367 SALVATORE.

178 3426 304 3491 Christe
327 3429 442 3510 potens
464 3448 583 3512 rerum,
606 3425 769 3490 redeuntis
793 3425 940 3490 conditor
962 3426 1045 3511 aevi,

102 3515 174 3576 Vor-
194 3515 320 3581 snmmi
342 3537 523 3602 sensusque
546 3515 611 3603 dei,
632 3537 729 3600 quem
750 3514 834 3578 fudit
858 3515 898 3578 ab
922 3514 987 3578 alta
