2438 3832
113 146 311 202 CARMINVM
324 145 452 202 MINOR.
468 144 743 216 OORPVSCVLVM,
758 164 782 201 c.
792 147 1042 202 XXVIII—XXIX.
1063 147 1127 212 239

113 309 175 374 Sed
197 331 282 374 nova
305 309 333 372 si
355 309 442 395 nigri
463 309 572 373 videas
595 309 750 374 miracula
773 310 856 396 saxi,

111 399 202 463 Tunc
225 397 378 481 pulchros
402 401 532 481 superat
556 397 662 462 cultus
686 401 718 463 et
742 399 897 482 quidquid
911 399 999 464 Eois

111 485 211 551 Indus
234 486 387 550 litoribus
409 486 521 550 Rubra
545 490 708 551 scrutatur
729 488 869 573 inalga.
1096 501 1128 550 11

111 575 197 641 Nam
220 576 305 639 ferro
329 575 446 639 meruit
469 575 570 639 vitam
592 575 733 658 fenique
755 576 862 662 rigore

111 664 277 749 Vescitur3
299 664 362 728 hoc
385 664 494 728 dulces
518 663 643 749 epulas,
665 663 728 728 hoc
750 664 871 748 pabula
893 664 998 748 novit3

111 753 198 817 Hinc
220 753 368 836 proprias
392 757 526 817 renovat
548 753 647 837 vires3
670 753 746 816 hinc
768 754 841 816 fusa
863 775 921 836 per
944 755 1034 816 artus

112 841 236 924 Aspera
261 845 418 905 secretum
442 845 571 905 servant
595 842 748 905 alimenta
771 842 929 928 vigorem3

111 930 183 994 Hoc
207 929 340 993 absente
362 931 459 1013 perit:
483 930 571 993 tristi
593 931 764 994 morientia
787 933 918 1014 torpent
1093 947 1127 995 20

111 1018 257 1082 Membra
280 1019 378 1104 fame,
401 1041 562 1101 venasque
586 1019 658 1082 sitis
682 1020 843 1083 consumit
867 1022 1003 1102 apertas.

178 1106 322 1191 Mavors,
346 1106 521 1192 sanguinea
545 1108 600 1189 qui
624 1108 754 1191 cuspide
776 1108 925 1172 verberat
947 1108 1057 1192 urbes,

111 1196 156 1259 Et
178 1195 303 1281 VenuS,
327 1195 483 1258 humanas
508 1217 589 1278 quae
611 1196 700 1260 laxat
722 1197 758 1260 in
780 1197 847 1260 otia
870 1218 976 1281 curas,

112 1283 228 1348 Aurati
251 1284 385 1348 delubra
408 1287 518 1347 tenent
542 1285 724 1348 communia
747 1285 868 1369 templi.
932 1311 937 1322 ·

111 1372 249 1458 Effigies
271 1395 338 1437 non
360 1395 425 1436 una
448 1372 528 1438 deis:
552 1373 608 1437 sed
630 1373 733 1437 ferrea
756 1373 872 1438 Martis
1093 1389 1126 1436 25

110 1461 229 1525 Forma
251 1461 348 1544 nitet,
369 1461 528 1526 Venerem
551 1462 733 1547 magnetica
755 1484 882 1549 gemma
904 1462 1033 1548 figurat.

113 1549 185 1613 Illis
209 1550 383 1613 conubium
407 1549 546 1614 celebrat
570 1550 608 1614 de
631 1573 720 1615 more
744 1551 900 1614 sacerdos.

111 1636 210 1702 Ducit
233 1639 362 1701 flamma
386 1638 515 1724 choros3
538 1638 622 1702 festa
644 1639 828 1704 frondentia
850 1643 957 1722 myrto

110 1727 237 1790 Limina
261 1727 447 1812 cinguntur,
469 1727 634 1810 roseisque
659 1728 777 1792 cubilia
801 1731 939 1814 surgunt

110 1815 276 1899 Floribus,
300 1818 331 1878 et
354 1813 534 1878 thalamum
557 1815 675 1880 dotalis
697 1839 840 1900 purpura
862 1816 957 1881 velat.
1093 1831 1126 1879 30

110 1903 174 1967 Hic
196 1904 313 1966 mirum
337 1903 504 1989 consurgit
528 1925 621 1986 opus:
647 1903 805 1988 Cytherea
827 1904 980 1968 maritum

111 1991 233 2076 Sponte
256 1991 341 2075 rapit
364 1992 507 2074 caelique
530 1996 620 2055 toros
643 1993 770 2056 imitata
792 1993 915 2076 priores

110 2080 246 2144 Pectora
268 2080 389 2144 lascivo
413 2081 494 2144 flatu
516 2079 677 2144 Mavortia
699 2081 801 2145 nectit

109 2168 155 2233 Et
178 2172 306 2232 tantum
330 2169 497 2251 suspendit
521 2191 602 2232 onus
625 2169 799 2255 galeaeque
822 2171 961 2234 lacertos

110 2255 260 2341 implicat
284 2260 316 2320 et
339 2258 422 2321 vivis
444 2261 552 2320 totum
575 2258 796 2342 complexibus
820 2259 929 2322 ambit.
1092 2274 1125 2322 35

110 2344 170 2409 Ille
193 2346 362 2409 lacessitus
386 2345 485 2432 longo
505 2346 690 2428 spiraminis
713 2351 787 2411 actu

109 2432 246 2498 Arcanis
269 2434 411 2497 trahitur
434 2456 560 2520 gemma
584 2434 622 2498 de
646 2436 782 2522 coniuge
804 2434 907 2500 nodis.

109 2523 262 2588 Pronuba
285 2523 323 2586 fit
346 2522 472 2588 Natura
496 2522 563 2587 deis
586 2523 771 2607 ferrumque
793 2525 925 2588 maritat

108 2611 199 2675 Aura
221 2615 333 2675 tenax:
358 2612 475 2675 subitis
499 2611 664 2676 sociantur
685 2613 818 2676 numina
841 2612 946 2677 furtis.

178 2700 257 2777 Quis
282 2700 369 2764 calor
391 2700 511 2763 infudit
534 2701 671 2787 geminis
695 2701 819 2765 alterna
842 2701 982 2764 metallis
1090 2717 1125 2766 40

109 2786 272 2852 Foedera?
296 2809 377 2872 quae
401 2788 496 2852 duras
519 2789 625 2875 iungit
649 2789 818 2853 concordia
841 2789 987 2853 mentes?

110 2874 244 2961 Flagrat
267 2877 383 2941 anhela
407 2877 487 2941 silex
510 2880 543 2940 01
566 2878 701 2941 amicam
726 2878 833 2942 saucia
857 2877 956 2941 sentit

109 2963 277 3028 Materiam
299 2965 507 3049 placidosque
531 2965 666 3049 chalybs
690 2966 856 3053 cognoscit
879 2987 1012 3030 amores.

111 3051 164 3116 Sic
186 3052 298 3117 Venus
320 3054 509 3118 horrificum
532 3054 610 3118 belli
633 3076 833 3138 compescere
856 3076 965 3141 regem

108 3140 154 3205 Et
177 3142 304 3205 vultum
327 3143 453 3207 mollire
478 3143 575 3227 solet,
599 3165 672 3207 eum
695 3143 850 3230 sanguine
873 3165 1026 3226 praeceps
1090 3162 1124 3209 41

108 3229 247 3294 Aestuat
270 3233 302 3294 01
326 3231 447 3296 strictis
470 3232 679 3296 mucronibus
703 3236 830 3316 asperat
853 3232 927 3296 iras.

109 3318 185 3382 Sola
208 3319 286 3382 feris
310 3321 449 3385 occurrit
472 3321 563 3403 equis
587 3321 747 3404 solvitque
770 3325 930 3384 tumorem

107 3408 253 3471 Pectoris
277 3411 309 3471 01
332 3408 451 3473 blando
473 3409 660 3494 praecordia
682 3413 840 3492 temperat
863 3409 940 3494 igni.

106 3496 175 3561 Pax
199 3497 306 3561 animo
329 3497 506 3580 tranquilla
528 3497 636 3584 datur,
658 3520 848 3584 pugnasque
872 3498 1012 3562 calentes
