2438 3832
433 731 808 815 PRAEFATIO.

204 1002 330 1068 Claudii
359 998 527 1067 Claudiani
557 1006 685 1088 poetae,
718 1004 809 1068 cuius
837 1003 979 1068 carmina
1005 1004 1130 1068 Birtius

110 1113 216 1175 nuper
247 1093 282 1156 in
312 1091 399 1156 Mon.
428 1090 533 1156 Germ.
560 1091 646 1156 Hist.
674 1095 757 1156 auct.
788 1095 851 1156 ant.
884 1096 973 1156 tomo
1007 1093 1129 1157 decimo

111 1202 197 1244 anno
221 1178 459 1244 MDOOCXOII
483 1180 600 1244 emisso
624 1201 661 1244 ea
683 1180 769 1244 mole
791 1181 964 1266 recensuit,
987 1184 1023 1244 ut
1047 1202 1131 1245 com-

111 1290 227 1352 parare
246 1268 309 1332 sibi
327 1272 455 1332 tantum
473 1269 594 1333 librum
612 1273 669 1332 aut
685 1272 820 1352 possent
839 1273 894 1334 aut
914 1269 1035 1334 vellent
1054 1291 1131 1352 pau-

112 1357 226 1442 ciores,
244 1357 417 1421 editionem
434 1357 602 1442 minorem,
621 1356 696 1440 quia
715 1356 784 1440 ipse
802 1357 852 1422 vir
871 1358 1019 1444 egregius
1039 1380 1131 1441 repu-

112 1445 223 1530 diavit,
250 1468 310 1532 ego
330 1445 456 1529 suscepi
480 1446 520 1509 ab
543 1444 646 1529 ipsius
670 1444 840 1528 disciplina
864 1446 942 1510 olim
963 1447 1129 1530 profectus

10 1568 13 1578 >
112 1534 233 1616 quique
257 1534 292 1598 in
315 1533 430 1598 studiis
452 1533 561 1598 hisco
586 1535 664 1598 duce
688 1538 739 1597 sat
760 1534 900 1598 multum
924 1556 1039 1618 operae
1058 1557 1131 1599 con-

111 1622 255 1687 locarim.
299 1619 414 1705 Itaque
441 1625 569 1686 tantum
596 1622 701 1708 abest,
730 1629 767 1686 ut
794 1622 844 1686 illi
871 1644 975 1687 meam
999 1646 1129 1708 operam

113 1731 276 1794 opponere
300 1715 332 1774 et
355 1732 428 1774 cum
447 1732 484 1775 eo
503 1712 538 1775 in
561 1715 722 1775 certamen
744 1711 790 1775 ire
813 1711 920 1796 velim,
942 1716 980 1776 ut
1003 1711 1038 1776 in
1060 1734 1131 1798 gra-

111 1799 254 1862 vissimis
285 1798 395 1882 potius
422 1821 495 1864 eum
523 1805 652 1864 secutus
680 1799 742 1863 sim
769 1804 866 1883 atque
898 1800 933 1864 in
963 1801 1025 1864 hoc
1057 1802 1130 1884 ipso
1206 1807 1209 1812 ’

33 1886 41 1897 ’
111 1887 225 1951 labore
252 1887 397 1951 consiliis
424 1888 493 1951 eius
520 1889 570 1952 uti
596 1888 683 1952 haud
709 1910 783 1952 raro
810 1888 891 1952 mihi
922 1888 1064 1974 licuerit,
1097 1889 1131 1952 id

113 1975 206 2058 quod.
219 1980 313 2062 grsto
332 1976 439 2040 animo
454 1977 618 2041 confiteor.
650 1975 734 2041 Sunt
747 1979 856 2040 tamen
870 1977 988 2060 quibus
1003 1977 1129 2041 differat

112 2063 192 2127 haec
222 2086 322 2148 parva
351 2064 494 2128 recensio
524 2065 565 2129 ab
592 2065 733 2129 maxima
759 2064 825 2128 illa.
872 2065 921 2128 De
949 2065 1067 2148 quibus
1095 2065 1130 2129 in

111 2174 269 2236 proxrmrs
292 2174 458 2236 exponam.

201 2241 423 2326 Manuscripta
445 2241 559 2305 iisdem
582 2240 675 2328 siglis
698 2240 837 2306 indicavi
861 2241 978 2324 quibus
996 2241 1129 2306 Birtius.

112 2328 226 2394 Novos
248 2328 351 2394 libros
375 2329 442 2395 sive
464 2330 514 2394 illi
537 2329 644 2393 minus
663 2329 811 2416 cognitos
829 2352 897 2394 non
915 2330 1048 2394 adhibui
1065 2330 1130 2395 nisi

112 2417 195 2482 duos
228 2418 268 2481 ad
300 2419 489 2483 deteriorem
520 2441 577 2505 gre
602 2440 652 2482 em
687 2419 783 2502 plane
815 2419 1054 2506 adgregandos,
1091 2419 1129 2482 de

112 2505 234 2590 quibus
257 2506 398 2572 breviter
420 2441 601 2592 referam&

206 2594 240 2681 1)
261 2594 344 2660 Cod.
358 2595 609 2660 Rodomensis
626 2596 713 2661 1040
732 2595 825 2659 saecl.
835 2593 923 2659 XIII.
949 2594 1129 2679 Descripsit

111 2688 145 2747 et
169 2683 297 2748 saeculo
316 2682 380 2748 XII
407 2685 523 2749 tribuit
551 2683 670 2748 Omont
698 2683 734 2748 in
760 2683 900 2770 catalogi
925 2687 1001 2748 mss.
1024 2684 1130 2747 Rodo-
1204 2760 1205 2764 Ἰ

111 2771 273 2836 mensium
290 2770 405 2837 tomol
418 2796 449 2856 p.
460 2771 566 2858 rw)
598 2770 672 2856 Ipse
686 2776 831 2856 exparte
846 2772 978 2836 contuli
1012 2770 1129 2855 Incipit

112 2860 149 2925 in
162 2860 242 2925 folio
253 2861 319 2926 551.
340 2861 398 2925 col.
412 2863 443 2925 l:
464 2861 609 2943 Prefccc'o
622 2863 659 2925 in
672 2861 786 2949 labrem
803 2859 933 2926 Claudii
947 2859 1129 2926 Claudiani.

206 3072 233 3139 1)
264 3069 307 3124 Ex
339 3069 463 3139 antiquis
495 3069 732 3124 bibliothecarum
767 3067 906 3138 catalogis
939 3070 1129 3138 exemplorum

111 3139 265 3194 Claudiani
282 3141 433 3196 memorias
450 3158 540 3212 nuper
558 3140 675 3210 collegit
692 3139 829 3194 Manitius
848 3138 879 3192 in
894 3138 986 3194 Musei
1000 3141 1130 3195 Rhenani

111 3213 192 3266 tomo
210 3210 311 3267 XLVII
330 3229 354 3268 a.
370 3211 563 3267 MDcooxofl
582 3211 673 3282 suppl.
692 3229 719 3280 p.
735 3217 786 3265 103
795 3228 855 3279 sqq.

156 3294 159 3302 ’
204 3284 232 3353 2)
252 3281 419 3353 ‘Gatalogue
441 3282 557 3353 general
580 3282 629 3336 des
652 3281 821 3336 manuscrits
845 3281 895 3334 des
919 3281 1129 3349 bibliotheques

111 3353 265 3424 publiques
284 3353 319 3409 de
337 3353 455 3409 France’
475 3356 552 3408 tome
572 3353 704 3425 premier.

898 3443 938 3500 a*
