2438 3832
122 134 186 200 llss
446 132 592 187 CLAVDll
611 132 810 188 CLAVDIANI

121 297 297 384 Progenies
319 296 457 383 Ledaea,
482 296 605 361 sedent:
628 296 663 361 in
686 301 824 381 utroque
847 296 971 371 relucet

122 387 249 472 Frater,
271 392 409 470 utroque
434 407 539 471 soror,
564 385 662 449 simili
686 385 831 470 chlamys
855 385 962 450 effluit
984 407 1082 473 auro,

124 475 254 540 Stellati
276 476 399 561 pariter
422 475 534 539 crines.
580 473 674 538 Iuvat
697 474 767 558 ipse
789 474 971 540 Tonantem

121 565 225 629 Error
248 569 280 629 et
303 561 474 650 ambiguae
496 564 601 648 placet
624 563 810 650 ignorantia
832 564 944 650 matri,
1090 580 1144 630 alc

120 653 266 718 Eurotas
288 653 438 738 proprios
463 652 642 717 discernere
664 652 768 717 nescit
792 653 948 718 alumnos.

189 741 236 807 Vt
260 742 374 806 domus
398 741 522 826 excepit
546 741 691 827 reduces,
714 741 762 805 ibi
784 741 864 806 talia
887 746 995 806 tecum

123 831 187 895 Pro
211 854 319 896 rerum
342 831 453 895 stabili
476 831 584 895 101111
602 829 727 895 dicione
749 830 891 896 locutus:

190 919 239 985 ‘si
261 920 325 985 tibi
347 919 544 984 Parthorum
567 918 685 983 solium
707 919 852 984 Fortuna
876 919 1031 1005 dedisset,

124 1010 204 1075 Care
226 1031 320 1094 puer,
342 1008 502 1092 terrisque
524 1008 638 1092 procul
660 1009 860 1073 venerandus
883 1008 963 1074 Eois
1031 1031 1032 1036 ¹
1091 1023 1146 1074 alo

123 1100 287 1164 Barbarus
310 1097 446 1163 Arsacio
471 1101 679 1184 consurgeret
703 1118 757 1162 ore
780 1098 895 1164 tiaras:

124 1188 294 1254 Sufficeret
318 1187 455 1252 sublime
479 1207 582 1273 genus
604 1186 747 1269 luxuque
769 1187 923 1267 fluentem

124 1277 242 1342 Deside
265 1277 420 1341 nobilitas
443 1280 555 1360 posset
578 1279 611 1339 te
635 1275 704 1339 sola
727 1276 819 1341 tueri.
913 1283 915 1287 ’

123 1365 238 1430 Altera
260 1366 425 1429 Romanae
448 1364 545 1451 longe
568 1365 749 1430 rectoribus
773 1365 865 1429 aulae

127 1454 290 1519 Condicio.
334 1452 467 1518 Virtute
491 1453 594 1539 decet,
615 1475 683 1517 non
706 1453 863 1540 sanguine
886 1452 955 1519 niti.
1093 1469 1147 1520 aaa

123 1543 230 1608 Maior
253 1548 285 1607 et
308 1541 421 1606 utilior
439 1542 512 1606 -fato
537 1541 707 1607 coniuncta
729 1542 870 1628 potenti,

124 1632 198 1696 Vile
222 1632 327 1696 latens
350 1631 463 1696 virtus.
510 1630 595 1708 Quid
617 1630 725 1695 enim?
749 1631 916 1696 submersa
939 1629 1084 1695 tenebris

124 1720 273 1785 Proderit
297 1720 435 1785 obscuro
459 1720 560 1785 veluti
584 1719 653 1784 sine
675 1719 796 1807 remige
819 1719 938 1804 puppis

124 1809 187 1873 Vel
210 1810 282 1893 lyra
306 1831 388 1893 quae
411 1809 524 1874 reticet
547 1808 598 1872 vel
622 1808 678 1892 qui
700 1830 768 1873 non
789 1809 934 1874 tenditur
957 1829 1059 1873 arcus.

192 1897 297 1962 ‘Hanc
311 1902 421 1963 tamen
434 1897 522 1962 haud
535 1897 716 1983 quisquam,
735 1897 792 1981 qui
804 1920 871 1963 non
886 1897 1055 1985 agnoverit
1070 1901 1146 1962 ante

127 1987 235 2052 Semet
258 1991 291 2059 et
313 1986 454 2052 incertos
478 1986 577 2050 animi
599 1986 775 2071 placaverit
799 1991 922 2073 aestus,
1091 2001 1145 2053 226

125 2076 284 2163 Inveniet,
307 2076 415 2163 longis
438 2076 517 2140 illuc
540 2076 733 2162 ambagibus
756 2076 830 2142 itur.

125 2165 222 2231 Disce
246 2165 331 2252 orbi,
355 2166 442 2250 quod
465 2164 602 2249 quisque
626 2164 701 2230 sibi:

757 2253 852 2319 ‘Cum
875 2253 1026 2318 conderet
1049 2255 1145 2317 artus

124 2343 280 2428 Nostros,
303 2342 455 2407 aetheriis
478 2342 617 2407 miscens
639 2347 780 2429 terrena,
801 2342 1032 2427 Prometheus,

126 2431 290 2496 Sinceram
312 2430 399 2515 patri
421 2435 562 2495 mentem
585 2432 712 2497 furatus
736 2430 874 2516 Olympo
1090 2446 1146 2497 230

126 2519 295 2584 Continuit
319 2519 469 2584 claustris
492 2520 777 2608 indignantemque
800 2519 939 2585 revinxit

124 2609 184 2693 Et,
208 2630 280 2673 cum
302 2631 369 2674 non
391 2609 486 2674 aliter
508 2614 641 2694 possent
664 2609 815 2675 mortalia
838 2608 932 2695 fingi,

125 2696 285 2763 Adiunxit
308 2698 461 2784 geminas.
507 2697 587 2764 lllae
611 2721 684 2764 cum
707 2720 840 2782 corpore
864 2698 973 2781 lapsae

125 2785 308 2875 Intereunt‚
331 2788 410 2852 haec
434 2789 504 2853 sola
527 2792 636 2854 manet
659 2788 821 2870 bustoque
845 2789 1009 2870 superstes

125 2875 253 2941 Evolat.
298 2876 392 2942 Hanc
415 2878 481 2942 alta
505 2878 620 2962 capitis
643 2875 791 2941 fundavit
814 2875 849 2940 in
871 2895 944 2939 arce
1089 2889 1144 2941 2³⁶

124 2964 358 3030 Mandatricem
381 2988 515 3051 operum
537 2969 845 3051 prospecturamque
867 2962 986 3048 labori,

123 3053 202 3118 Illas
225 3054 360 3120 inferius
384 3056 468 3120 collo
491 3060 726 3140 praeceptaque
749 3074 892 3118 summae

123 3143 281 3207 Passuras
306 3144 452 3209 dominae
476 3144 574 3232 digna
598 3144 737 3209 statione
760 3141 888 3207 locarit.

125 3230 251 3317 Quippe
276 3232 384 3317 opifex
407 3233 530 3298 veritus
554 3233 748 3298 confimdere
773 3253 863 3296 sacra
885 3228 1031 3315 profanis

124 3320 302 3385 Distribuit
325 3326 434 3406 partes
458 3322 582 3387 animae
607 3322 761 3405 sedesque
784 3319 929 3385 removit.
1091 3333 1146 3385 240

125 3408 212 3472 Iram
235 3411 404 3498 sanguinei
427 3411 517 3498 regio
542 3412 602 3476 sub
625 3415 755 3496 pectore
780 3409 884 3474 cordis

125 3497 274 3585 Protegit
297 3499 456 3566 imbutam
479 3501 618 3566 flammis
641 3500 831 3584 undamque
853 3497 990 3563 nocendi
