2438 3832
100 172 144 234 74
276 177 331 251 sp
430 168 577 224 aaaron
595 167 795 231 convniam

5 373 6 378 κ
99 334 237 398 Romule
244 333 362 434 ,quod
386 337 513 397 serust
499 306 664 397 temeratis
687 332 829 397 fascibus
852 333 941 397 ultor

49 475 51 479 .
99 421 290 487 Advenio:
281 422 411 486 ramiam
434 421 534 508 largis
557 420 636 485 haec
658 421 776 507 gaudia
799 421 873 486 faxo

27 513 33 524 '
101 509 201 596 Oomp
204 516 316 575 ensent
302 509 488 575 tlacrimis
535 509 618 586 Quid
641 509 761 574 dudum
782 507 902 575 inflare
918 496 1054 575 moraris

99 599 298 684 Tartaream,
320 599 465 700 ΒοΠοιιι,
487 599 609 688 tubam,
633 598 763 681 quidst
733 599 890 685 sringere
914 600 1042 685 falcem,
1063 616 1115 666 145

100 688 170 764 Qua
192 688 331 772 populos
354 710 373 752 a
397 688 496 771 stirpe
519 691 585 751 met
571 687 637 751 tis?
681 686 797 752 Molire
820 688 941 752 ttumul
927 693 993 774 t,us

98 776 225 842 Excute
248 777 386 841 delicias
432 776 593 840 Thracum
614 775 839 860 Macetumque
863 777 973 841 ruinae

98 864 306 930 Taedetet'
260 869 332 930 tm
353 869 431 952 gent
433 887 501 928 esr
492 865 606 928 'terum
630 865 751 929 saevire
775 865 926 949 sepultas.

98 953 225 1018 Damna
247 955 354 1018 minus
377 957 530 1018 consueta
553 975 659 1039 move,
681 958 772 1018 trans
795 975 935 1054 aequora
959 976 1069 1050 saevas

98 1040 197 1106 Verte
221 1043 321 1129 faces,
344 1043 416 1107 aliis
440 1042 569 1106 exordia
593 1005 682 1106 sunio
705 1042 835 1125 rapinis
1062 1061 1113 1109 150

97 1126 191 1196 Non
197 1117 259 1196 tibi
282 1095 436 1215 Riphaeis
458 1131 563 1195 hostis
587 1125 786 1214 quaerendus
810 1131 851 1194 ab
875 1132 954 1216 oris,

97 1218 175 1285 Non
197 1243 254 1304 per
278 1219 449 1284 Caucasias
472 1220 575 1284 accito
540 1219 728 1284 tturbine
750 1219 852 1284 valles

16 1356 22 1380 2
51 1325 54 1332 “
97 1308 160 1374 Est
146 1313 273 1392 topus.
320 1307 379 1373 Ost
365 1311 476 1394 ttrogo
462 1308 527 1371 this
551 1308 629 1372 colit
615 1312 669 1372 tur
691 1308 865 1391 mixtisque
890 1306 972 1373 Grut
958 1308 1093 1394 thungis

98 1394 215 1481 Phryx‘
232 1419 321 1482 ager:
345 1397 406 1460 hos
428 1418 545 1479 parvae
568 1400 721 1480 poterrmt
743 1396 909 1480 impellere
933 1419 1047 1462 causae
1095 1405 1102 1414 '
1141 1452 1143 1456 ,

98 1484 141 1550 In·
161 1485 279 1571 scelus,
302 1485 342 1549 ad
365 1506 471 1549 mores
494 1485 599 1548 facilis
621 1488 738 1559 natura
760 1485 885 1549 reverti.
1064 1503 1113 1552 155

97 1573 152 1639 Sic
175 1578 239 1638 eat:
262 1575 298 1637 in
319 1577 432 1638 nostro
453 1573 582 1656 quando
605 1573 671 1637 iam
693 1573 796 1637 milite
819 1575 919 1638 robur

97 1663 235 1746 Torpuit
257 1667 290 1727 et
312 1662 404 1726 molli
427 1661 538 1726 didicit
560 1684 672 1745 parere
694 1661 864 1748 magistro,

97 1751 257 1816 Vindicet·
271 1750 413 1815 Arctous
435 1750 573 1814 violatas
596 1750 717 1814 advena
740 1751 837 1837 leges.

97 1841 242 1905 Barbara
264 1840 412 1904 Romano
436 1843 624 1906 succurrant
647 1862 735 1906 arma
757 1838 893 1922 pudori'.

165 1927 219 1993 Sic
241 1929 329 1992 fatus
352 1928 469 2013 clipeo,
493 1932 650 2011 quantum
672 1928 726 1991 vix
748 1928 818 2011 ipse
841 1927 974 1992 deorum
1064 1945 1115 1994 160

97 2016 195 2082 Arbit
181 2021 231 2082 ter
253 2017 372 2099 infesto
396 2038 469 2081 cum
491 2016 632 2100 percutit
654 2016 766 2101 aegida
788 2017 913 2102 nimbo,

96 2105 253 2171 Intonuit.
296 2091 481 2188 Responsat
466 2105 610 2170 tAthos
633 2103 839 2187 Haemusque
861 2105 1015 2191 remugit,

96 2194 280 2282 ingeminat
302 2217 435 2258 raucum
458 2193 614 2295 Rhodope
638 2214 793 2257 concussa
815 2193 985 2278 fragorem.

99 2283 227 2349 Cornua
250 2305 329 2348 cana
352 2282 427 2368 gelu
449 2283 568 2346 mirant
554 2282 643 2346 tibus
666 2281 783 2345 extth
805 2281 900 2345 undis

97 2372 279 2436 Hebruset
265 2375 476 2456 texanguem
496 2370 645 2455 glaciet
636 2391 719 2433 rmor
737 2369 860 2456 adligat
846 2370 956 2434 tHist
942 2375 1036 2436 t.rum
1063 2387 1113 2436 165

97 2460 189 2524 Tunc
211 2459 380 2523 adamante
348 2462 534 2544 tgravem
556 2458 762 2542 nodisque
736 2462 843 2544 ngent
829 2458 918 2522 tibus
941 2459 1081 2543 hastam,

97 2547 212 2613 Telum
234 2548 349 2649 ingens
371 2547 517 2630 nullique
540 2547 599 2611 deo
622 2546 806 2633 iaculabile,
829 2547 934 2611 torsit.

96 2635 151 2701 Fit
174 2637 239 2701 late
206 2637 367 2720 truptis
390 2635 442 2700 ιιι
450 2636 622 2720 nubibus3
645 2635 702 2698 illa
724 2657 782 2719 per
804 2657 899 2700 auras

97 2725 161 2791 Tot
184 2727 282 2812 freta,
303 2729 354 2798 tot
376 2729 502 2789 montes
525 2745 590 2788 uno
614 2727 766 2789 contenta
788 2724 900 2789 volatu
971 2783 975 2790 .

48 2852 50 2857 ·
97 2814 253 2880 Transilit
276 2818 309 2879 et
330 2813 492 2913 Phrygiae
514 2812 627 2877 mediis
650 2813 804 2899 adfigitur
826 2813 920 2878 arvis
1063 2809 1113 2879 ιιο

98 2902 206 2968 Sensit
229 2904 360 2968 humus·
352 2902 507 2989 ,gemuit
529 2900 659 2985 Nysaeo
682 2902 816 2985 palmite
783 2901 917 2966 tfelix

32 3072 38 3081 .
97 2991 294 3058 Hermustet
315 2955 430 3055 adrata
451 2990 605 3054 Pactolus
627 2990 790 3055 inhorruit
812 3013 901 3054 urna

97 3081 244 3165 Totaque
268 3080 448 3145 summissis
470 3080 627 3143 fleverrmt
650 3079 812 3163 Dindyma
836 3079 934 3143 silvis.

164 3170 234 3235 Nec
257 3170 315 3232 dea
336 3168 531 3252 praemissae
554 3167 724 3232 stridorem
747 3169 878 3254 segnius
901 3168 1013 3244 hastae

99 3258 328 3342 Consequitur,
352 3261 542 3338 centumque
565 3256 635 3320 vias
657 3255 812 3320 meditata
834 3256 970 3321 nocendi
1063 3272 1113 3320 175

96 3347 239 3411 Tandem
262 3345 464 3432 Tarbigilum
487 3342 632 3431 (Geticae
655 3344 720 3408 dux
742 3345 909 3428 improbus
932 3346 1002 3409 alae
1047 3402 1053 3414 ,

171 3491 222 3540 149
240 3486 333 3556 more]
352 3486 452 3554 scripsi
469 3485 594 3538 Batiam
612 3490 733 3550 secatum
752 3488 874 3540 movent.

157 3562 215 3610 176
232 3556 315 3628 alae]
329 3557 483 3626 Babanom-
501 3554 592 3610 aulae.
