2438 3832
99 139 164 205 160
428 137 574 194 CLAVDII
593 137 793 194 CLAVDIANI

97 302 244 387 Excepto
269 299 446 367 Stilichone
469 305 586 385 potest.
623 300 710 367 Bene
732 301 877 385 praescia
899 303 1028 386 tempus

98 391 190 456 Mens
213 395 270 455 tua
293 390 475 477 distulerat3
498 390 596 455 titulo
619 395 697 455 tunc
720 412 860 456 crescere
882 411 1009 475 posses,

96 479 194 546 Nune
216 502 273 564 per
296 483 328 544 te
351 480 476 544 titulus.
515 479 636 544 Consul
659 500 807 544 succurre
830 479 975 566 grauatis

99 568 308 653 Consulibus,
332 569 524 652 quicumque
547 569 623 653 fuit,
647 569 839 652 quicumque
862 568 1006 653 futurus3

96 657 229 723 Annum
252 657 347 722 redde
369 662 475 742 tuum,
499 662 594 741 q'uem
616 657 681 722 iam
705 679 816 723 secura
839 660 993 741 sequatur
1062 673 1114 723 ³20

97 746 278 811 Posteritas
300 768 359 811 nec
381 746 445 810 iam
469 746 576 810 doleat
599 746 729 811 defensa
752 750 905 813 uetustas.

98 834 152 901 Sic
175 835 295 899 trabeis
318 836 406 898 ultor
430 833 566 899 Stilicho
589 835 774 920 Brutusque
797 838 951 921 repertor.

97 924 246 989 Libertas
269 924 382 1008 populi
405 924 509 1006 primo
532 928 610 988 tuno
633 924 764 989 consule
787 923 890 991 Bruto

97 1013 236 1080 Reddita
258 1034 316 1096 per
338 1012 456 1098 fasees3
479 1012 531 1077 hic
554 1012 696 1077 fascibus
720 1014 843 1097 expulit
865 1013 946 1098 ipsis

98 1101 281 1168 Servitium.
318 1099 466 1166 Instituit
490 1101 660 1166 sublimem
683 1101 805 1168 Brutus
828 1102 998 1188 honorem3
1061 1119 1112 1168 325

99 1191 252 1257 Adseruit
276 1189 421 1256 Stilicho.
457 1189 536 1254 Plus
560 1195 609 1255 est
632 1212 775 1255 servasse
797 1195 974 1276 repertum,

99 1279 202 1358 Quam
226 1280 388 1364 quaesisse
411 1301 539 1343 novum.
576 1278 660 1356 Quid
682 1279 805 1344 tardius
829 1301 883 1344 ore
906 1278 1038 1346 rubenti

97 1368 223 1433 Adnuis
247 1372 278 1431 et
302 1368 418 1432 solitus
441 1367 581 1432 frontem
604 1368 797 1433 circumfluit
818 1367 927 1455 ignis?

97 1458 240 1522 Tandem
263 1457 353 1520 vince
376 1460 482 1541 tuum,
505 1457 607 1522 vincis
631 1458 686 1540 qui
710 1461 837 1543 cuncta,
859 1456 1025 1541 pudorem.

166 1545 252 1610 ‘Hos
276 1546 386 1630 etiam,
410 1546 556 1629 quamvis
580 1546 741 1630 corrumpi
763 1568 894 1610 munere
917 1546 1009 1612 nullo
1061 1564 1112 1614 333

97 1635 197 1700 Posse
222 1656 329 1719 queas,
351 1635 468 1699 mirare
490 1635 595 1699 libens
618 1656 655 1698 30
679 1635 804 1719 suscipe
828 1635 966 1721 cinctus,

98 1723 187 1801 Quos
203 1723 271 1788 tibi
294 1723 402 1788 divino
425 1745 551 1788 meeum
573 1723 720 1788 Tritonia
743 1724 835 1788 duxit

97 1812 242 1878 Pectine:
265 1813 367 1877 tincta
391 1812 487 1877 simul
510 1813 647 1896 repetito
670 1812 792 1876 murice
815 1812 870 1878 fila

99 1902 304 1967 Contulimus
327 1902 435 1985 pensis
459 1905 491 1965 et
514 1901 626 1965 eodem
647 1901 795 1966 nevimus
818 1923 910 1986 auro,

98 1990 206 2055 Aurea
231 2012 295 2074 quo
318 1989 469 2054 Lachesis
494 1990 554 2054 sub
577 1994 610 2054 te
633 1989 713 2054 mihi
737 1991 863 2056 saecula
886 1990 976 2057 texit.
1059 2007 1111 2058 333

98 2079 161 2143 Η10
184 2101 244 2165 ego
267 2079 459 2163 promissam
483 2079 630 2144 subolem
653 2083 843 2163 sperataque
866 2079 986 2145 mundo

97 2168 239 2255 Pignora
261 2167 411 2251 praelusi.
447 2166 565 2232 Veram
588 2189 665 2231 mox
686 2168 756 2251 ipse
778 2168 932 2252 probabis

97 2257 150 2321 Me
173 2261 280 2321 ratem
302 2260 495 2339 nostraeque
519 2256 614 2320 fidem
637 2256 797 2321 venientia
820 2256 904 2321 telae

95 2345 178 2410 Fata
201 2345 344 2409 dabunt?

378 2432 470 2496 Dixit
493 2434 679 2519 gremioque
702 2434 840 2520 rigentia
862 2435 986 2518 profert

97 2522 205 2605 Dona,
229 2542 342 2607 graves
366 2543 443 2585 auro
467 2522 604 2586 trabeas.
641 2520 772 2609 Insigne
795 2523 959 2590 Minervae
1060 2528 1135 2591 330

30 2684 32 2688 ,
98 2609 207 2695 Spirat
232 2632 321 2693 opus.
358 2609 479 2674 Rutilia
502 2610 554 2674 hic
577 2610 724 2697 pingitur
746 2612 820 2677 aula
843 2613 1002 2678 columnis

97 2699 143 2765 Et
168 2699 250 2764 sacri
272 2698 393 2763 Mariae
417 2703 543 2785 partus3
565 2700 688 2764 Lucina
712 2701 839 2766 dolores

98 2788 244 2874 Solatur3
267 2788 385 2852 residet
408 2788 552 2875 fulgente
574 2811 732 2872 puerpera
754 2790 852 2877 lect03

98 2877 264 2944 Sollicitas
286 2877 378 2941 iuxta
401 2878 581 2961 pallescunt
603 2878 721 2964 gaudia
743 2880 865 2944 matris.

99 2966 292 3050 Suseeptum
314 2988 449 3050 puerum
472 2966 637 3031 redimitae
660 2971 806 3051 tempora
828 2968 999 3052 Nymphae
1059 2985 1111 3034 343

98 3056 180 3120 Auri
203 3056 294 3120 fonte
316 3056 439 3120 lavant:
462 3059 590 3120 teneros
614 3055 652 3120 de
676 3057 812 3122 stamine
834 3057 919 3122 risus

97 3144 301 3232 Vagitusque
325 3143 434 3207 audire
457 3149 558 3228 putes.
594 3142 663 3209 Iam
687 3150 830 3212 creverat
852 3147 959 3212 infans

99 3232 162 3298 Ore
185 3234 291 3298 ferens
314 3237 452 3316 patrem:
476 3231 611 3298 Stilicho
634 3234 792 3313 maturior
815 3237 884 3302 aevi

97 3322 217 3387 Martia
240 3325 367 3387 recturo
390 3321 490 3385 tradit
511 3327 681 3406 praecepta
702 3327 821 3408 nepoti.

97 3411 195 3476 Parte
218 3411 282 3475 3113
306 3410 428 3495 spumis
451 3411 613 3476 fucantem
637 3410 745 3476 Serica
767 3415 858 3478 frena
1062 3430 1113 3479 330

96 3499 291 3588 Sanguineis
312 3500 436 3586 primae
460 3500 606 3587 signatus
629 3502 708 3566 flore
730 3502 879 3569 iuventae
