2438 3832
98 149 161 216 168
418 147 564 204 CLAVDII
582 147 781 204 CLAVDIANI

96 312 195 377 Vexit
216 311 395 398 Lingonico
419 311 549 386 sudatas
572 334 700 383 vomere
722 313 865 377 messes?
1014 365 1017 370 .

98 401 159 466 Illa
183 423 274 487 seges
296 422 364 465 non
387 401 542 465 auxilium
565 401 661 466 mode
684 402 833 486 praebuit
855 402 943 487 urbi,
1076 419 1112 469 95

99 490 161 555 Sed
184 490 247 553 fuit
269 489 402 575 indicia,
426 494 583 573 quantum
605 490 680 576 tibi,
702 491 820 576 Roma,
842 491 967 557 liceret:

97 578 276 644 Admonuit
299 578 446 642 dominae
468 582 581 665 gentes
603 579 770 664 instarque
792 580 918 664 tropaei

97 668 239 732 Rettulit
261 668 411 753 ignotum
430 668 548 753 gelidis
571 669 711 755 vectigal
734 668 774 732 ab
799 669 873 734 oris.

164 756 237 821 Hoc
260 778 388 839 quoque
410 757 562 821 maiestas
585 758 730 844 augescit
751 758 847 842 plena
871 756 1011 846 Quirini,

98 846 252 910 Rectores
274 845 396 928 Libyae
419 846 540 930 populo
565 847 650 929 quod
672 846 776 911 iudice
796 847 922 938 pallent
1062 863 1113 913 loo

98 935 143 998 Et
166 938 241 1018 pest
264 935 413 998 emeritas
436 935 619 1002 moderator
642 936 778 1019 quisque
801 958 928 1001 secures

98 1023 280 1089 Discrimen
301 1022 398 1087 letale
422 1023 522 1088 subit:
546 1024 624 1107 quid
645 1023 774 1088 Poenus
798 1029 907 1090 arator

99 1111 263 1198 Intulerit,
285 1112 432 1176 madidus
456 1117 613 1195 quantum
634 1113 852 1179 transmiserit
874 1111 1003 1182 Auster.

98 1201 208 1266 Ardua
232 1202 287 1285 qui
309 1201 375 1266 late
397 1202 493 1265 terris
515 1223 669 1285 responsa
693 1202 818 1289 dedere,

99 1291 161 1354 Hic
184 1289 346 1374 trepidant
364 1289 517 1376 humiles,
539 1290 671 1354 tremuit
691 1313 772 1374 ques
790 1290 902 1359 Africa
920 1312 1037 1377 nuper,
1063 1309 1113 1359 105

101 1379 242 1443 Cernunt
266 1383 372 1443 rostra
394 1400 475 1443 reos
514 1378 592 1443 Cani
615 1380 791 1444 virtutibus
814 1380 884 1449 aevi

98 1467 268 1532 Materiam
290 1467 403 1550 pandit
427 1466 563 1537 Stilicho
586 1469 805 1552 populumque
827 1469 949 1535 uetusti

101 1556 257 1629 Culminis
280 1556 490 1629 inmemorem
513 1556 696 1622 dominandi
719 1579 831 1626 rursus
854 1558 889 1622 in
909 1579 1007 1625 usum

98 1645 243 1730 Excitat,
266 1649 303 1709 ut
325 1666 461 1732 magnos
485 1645 586 1710 calcet
608 1646 798 1711 metuendus
821 1645 974 1733 honores,

98 1734 222 1798 Pendat
244 1734 369 1798 iustitia
393 1734 526 1819 crimen,
548 1734 668 1818 pietate
691 1735 835 1799 remittat
1058 1753 1114 1802 110

99 1822 252 1888 Errorem
275 1845 437 1907 purosque
460 1822 577 1906 probet
599 1823 792 1906 damnetque
815 1828 969 1888 nocentes

98 1913 144 1978 Et
166 1912 288 1997 patrias
310 1912 430 1976 iterum
453 1912 591 1976 clemens
615 1916 760 1982 exerceat
783 1917 877 1976 artes.

165 2000 305 2065 Fallitur
328 2001 457 2087 egregio
478 2000 628 2084 quisquis
652 2000 712 2064 sub
735 2001 879 2085 principe
903 2001 1004 2067 credit

100 2090 282 2154 Servitium.
318 2089 505 2173 Numquam
528 2089 661 2154 libertas
684 2090 809 2176 gratior
832 2093 921 2154 extat

100 2178 203 2256 Quam
227 2179 286 2242 sub
310 2200 385 2265 rege
407 2179 471 2262 pie.
510 2176 597 2254 Quos
619 2179 766 2262 praeficit
787 2178 857 2262 ipse
880 2178 1030 2265 regendis
1058 2195 1114 2244 mo

98 2269 223 2353 Rebus,
246 2268 286 2331 ad
309 2267 480 2332 arbitrium
503 2267 607 2350 plebis
631 2271 823 2351 patrumque
846 2268 970 2332 reducit

101 2357 316 2440 Conceditque
339 2355 458 2440 libens,
480 2355 604 2418 meritis
628 2377 684 2419 seu
705 2356 848 2439 praemia
869 2359 1006 2440 poscant

100 2445 163 2511 Seu
186 2445 300 2529 punire
322 2444 432 2508 velint.
468 2442 581 2508 Posito
605 2445 670 2508 iam
692 2467 835 2528 purpura
857 2446 945 2510 fastu

98 2535 147 2599 De
172 2555 205 2598 se
227 2533 381 2602 iudicium
402 2554 470 2596 non
492 2532 679 2619 indignatur
699 2532 821 2598 haberi.

100 2622 153 2688 Sic
177 2622 285 2687 docuit
308 2643 442 2708 regnare
466 2643 569 2707 socer,
593 2622 639 2686 sic
662 2626 756 2685 cauta
779 2622 927 2687 iuventae
1061 2641 1115 2690 120

98 2711 203 2776 Frena
226 2711 326 2796 dedit,
348 2715 477 2775 teneros
502 2710 547 2774 sic
570 2710 715 2774 moribus
737 2711 843 2775 induit
865 2734 967 2776 annos

99 2800 216 2865 Verior
237 2799 381 2886 Augusti
403 2800 543 2886 genitor,
566 2799 683 2864 fiducia
705 2799 796 2885 belli,

98 2889 193 2955 Pacis
217 2889 400 2954 consilium:
423 2911 481 2973 per
505 2910 599 2971 quem
622 2889 771 2971 squalere
794 2893 919 2957 remoto

99 2979 242 3044 Pristina
264 2978 431 3042 Romuleis
454 2977 600 3041 infloruit
622 2977 747 3041 artibus
771 2982 873 3063 aetas,

99 3068 162 3132 Per
185 3089 281 3152 quem
304 3067 407 3131 fracta
430 3067 485 3131 diu
508 3065 728 3150 translataque
751 3089 851 3150 paene
874 3071 1020 3151 potestas
1062 3085 1113 3136 125

99 3156 176 3221 Non
200 3157 302 3222 oblita
325 3157 375 3221 sui
400 3155 570 3220 servilibus
594 3155 702 3219 exulat
725 3156 824 3242 arvis,

100 3245 139 3311 In
161 3247 329 3331 proprium
352 3246 408 3309 sed
431 3245 526 3309 dueta
549 3245 649 3308 larem
671 3244 816 3309 victricia
839 3246 943 3310 reddit

99 3334 181 3399 Fata
204 3335 274 3400 solo
297 3335 480 3418 fruiturque
503 3334 634 3418 iterum,
657 3333 775 3417 quibus
798 3333 946 3399 haeserat
969 3336 1060 3423 olim,

99 3421 264 3508 Auspiciis
288 3424 448 3508 capitique
472 3422 612 3487 errantia
634 3422 778 3486 membra
800 3424 936 3508 reponit.

162 3512 317 3585 Proxime
340 3513 389 3578 dis
413 3512 540 3600 consul,
562 3514 671 3577 tantae
694 3512 750 3596 qui
768 3513 927 3597 prospicis
945 3514 1032 3602 urbi,
1064 3533 1117 3582 130
