2438 3832
141 150 190 205 XL
411 147 695 205 ADNOTATIONES
715 147 890 204 clemona.

145 316 199 366 304
218 310 380 380 fractorum]
400 308 512 378 scripsi;
536 310 672 376 sectorum
689 309 758 379 ΕΠ,
784 311 905 377 saiorum
924 328 959 377 φ,
984 308 1060 376 quod
1077 309 1165 379 plane

218 398 301 435 sensu
320 396 437 435 cassum.
471 396 528 449 qua
545 380 593 433 via
612 379 803 433 coniecturam
821 395 914 433 meam
934 379 1084 434 adsecutus
1101 380 1165 448 sim,

217 451 301 505 facile
320 450 442 520 videbit,
471 450 521 518 qui
538 451 639 505 horum
661 466 793 504 versuum
815 450 882 504 inde
902 467 919 503 a
936 468 963 504 v.
979 456 1033 503 202
1050 468 1164 505 sensum

215 521 397 592 perspexerit.
431 537 530 575 cavere
549 521 625 576 enim
644 522 706 575 vult
719 520 779 574 Dea
793 521 891 587 Roma,
911 539 945 574 ne
960 521 1060 576 Stilico
1075 521 1164 576 hono-

217 611 277 648 rem
296 592 351 647 sibi
367 592 495 647 oblatum
514 594 676 646 contemnat
694 591 799 661 quippe
818 591 959 662 pollutum
975 592 1011 645 ab
1026 593 1166 661 Eutropio

216 663 351 718 eunucho.
385 663 525 731 quomodo
545 665 640 718 antem
659 661 740 716 illum
755 662 906 717 Orientalis
919 662 1043 717 ministri
1056 666 1164 718 statum

216 736 355 803 castigare
379 736 409 788 ct
430 734 557 788 mordere
581 732 755 788 Claudianus
783 737 871 801 amet,
900 735 969 788 satis
996 735 1165 804 noemae

216 805 369 860 lectoribus
389 821 423 859 ex
445 803 526 858 libris
549 807 580 858 in
598 803 773 872 Eutropium.
811 807 896 873 atqua
919 805 1020 859 eodem
1041 806 1165 859 tendunt

217 874 393 945 apertissime
407 875 439 928 in
452 894 477 930 v.
489 881 586 942 303sq.
602 874 747 929 adtributa
756 878 853 945 turpia
863 875 900 930 ad
909 878 1033 947 eaemple
1042 878 1071 930 et
1081 879 1168 932 caetis

219 946 256 1002 ad
274 949 390 1002 auribus
412 945 520 1014 posita3
549 945 650 1014 quibus
673 945 812 1015 impulsus
836 945 987 1000 lectionem
1010 948 1166 1014 fractorum

217 1018 276 1072 sine
296 1016 382 1070 dubio
406 1016 500 1072 refeci.
532 1017 606 1070 hanc
630 1019 726 1070 autem
748 1032 845 1070 vocem
868 1017 940 1071 bene
963 1019 1102 1086 quadrare
1127 1017 1165 1071 ad

217 1088 371 1157 spadonem
399 1087 482 1142 docet
504 1087 691 1156 Hieronymus
715 1104 758 1157 ep.
775 1092 852 1156 70,0
880 1090 978 1144 histrio
1003 1090 1110 1155 fructae
1133 1091 1168 1143 fn

229 1176 354 1214 emerium

144 1235 196 1286 331
215 1161 299 1285 ibam
317 1230 412 1300 queas]
432 1246 465 1283 ex
482 1228 566 1283 ΔΒΑ
587 1229 768 1298 praeoptavi,
793 1246 851 1284 non
874 1228 964 1283 solum
987 1232 1019 1283 ut
1041 1229 1165 1284 vitarem

216 1301 365 1354 molestam
393 1299 553 1367 elisionem,
582 1317 654 1368 quae
678 1301 775 1354 estin
798 1302 954 1354 ceterorum
976 1300 1099 1355 lectione
1127 1304 1152 1356 Y
1152 1320 1168 1358 e

216 1379 319 1427 eertum
337 1378 384 1438 eat,
403 1371 452 1424 sed
471 1371 558 1424 etiam
577 1371 645 1438 quia
662 1370 734 1423 illud
756 1369 924 1439 exquisitius
943 1371 1094 1426 videbatur
1112 1372 1165 1426 mi·-

216 1458 324 1509 nusque
337 1440 569 1510 interpolatorem
582 1441 699 1498 redolet.
727 1441 857 1510 exempla
871 1441 935 1495 vide
948 1443 1023 1511 apud
1033 1442 1166 1513 Birtium,

217 1513 267 1580 qui
276 1512 337 1582 ipse
351 1512 464 1580 quidem
479 1511 630 1567 lectionem
643 1515 787 1583 receptam
800 1512 980 1567 commendat
992 1532 1019 1583 p.
1032 1514 1164 1569 CCXXV.

142 1588 199 1638 340
217 1584 371 1654 Minervae]
397 1584 553 1639 Mineruam
581 1583 705 1638 edebant
728 1583 798 1638 duce
820 1583 851 1639 E.
888 1583 958 1637 mihi
982 1586 1079 1639 contra
1101 1603 1166 1654 pcr-

218 1670 331 1707 suasum
359 1655 402 1708 est
429 1653 531 1707 melius
560 1655 696 1724 scriptum
724 1671 785 1708 esse
808 1655 838 1708 in
860 1654 1000 1710 Vaticano
1028 1659 1058 1709 et
1085 1656 1165 1712 aliis:

217 1727 325 1795 lusique
343 1725 486 1779 Minervae
508 1726 598 1794 spirat
616 1743 684 1796 opica
702 1725 720 1781 i.
736 1743 760 1782 e.
783 1727 834 1781 dae
852 1727 1068 1797 ausqeree'ebaete
1082 1728 1167 1782 Werb

216 1798 265 1851 der
283 1796 432 1850 Webleaaet
455 1796 622 1864 (Mineruae)
648 1798 752 1852 scbeint
774 1813 808 1852 au
832 1803 923 1852 ulmea
945 1796 991 1851 vei
1012 1799 1167 1853 wirtliches

216 1867 310 1921 Labeo
322 1881 358 1921 au
370 1868 465 1921 baben.
494 1868 649 1934 sequnntur
667 1867 742 1921 enim
755 1883 892 1936 personae
908 1868 1067 1938 descriptae
1082 1870 1165 1937 quasi

215 1937 311 1992 vivae:
326 1936 419 1990 infans
427 1935 551 2006 vagiens,
568 1937 673 1992 Serena
681 1938 846 2008 pallescens,
858 1938 988 2007 equitans
999 1939 1165 1994 Eucherius.

144 2013 198 2063 348
217 2009 342 2075 Stilicho]
359 2007 483 2062 adhunc
498 2008 591 2062 locum
605 2008 639 2063 cf.
654 2025 727 2077 quae
742 2009 929 2063 animadverti
944 2009 975 2062 in
989 2011 1060 2064 Mus.
1072 2011 1165 2066 Rhen.

216 2083 283 2135 tom.
298 2078 386 2132 XLlV
403 2097 430 2147 p.
446 2083 498 2133 586
513 2079 577 2134 adn.

143 2156 198 2206 350
216 2150 366 2221 fucantem]
386 2150 462 2217 quod
480 2150 618 2219 praebent
632 2152 659 2218 ς,
679 2153 792 2206 subesse
810 2150 923 2206 videtur
936 2151 992 2220 ipsi
1007 2151 1165 2221 scripturae

215 2223 358 2292 sequetem
375 2219 405 2273 in
425 2221 448 2274 V
469 2221 583 2291 optimo.
616 2220 692 2276 idem
711 2239 740 2277 re
758 2221 822 2290 ipsa
837 2222 1029 2277 commendari
1044 2223 1167 2292 adparet

216 2291 313 2359 itaque
332 2290 433 2360 recepi.

144 2370 197 2419 392
216 2363 301 2432 umes]
321 2377 355 2415 ex
373 2361 396 2414 Ε
415 2361 594 2430 potissimum
612 2362 793 2416 reficiendum
810 2379 872 2417 esse
886 2363 992 2417 Birtius
1006 2381 1052 2418 ma
1066 2368 1167 2419 monet

101 2492 107 2502 ,
216 2433 343 2556 iteprque
375 2431 503 2485 defendit
535 2433 744 2486 coniunctivum
777 2433 943 2489 Skutschius
971 2435 1034 2490 coll.
1063 2437 1164 2492 Horat.

218 2520 241 2558 c.
283 2509 309 2570 2,
324 2507 366 2558 60.

145 2581 198 2630 307
217 2574 307 2645 culpi]
326 2573 362 2626 ad
380 2575 460 2628 milia
477 2572 563 2640 traxi3
582 2574 726 2628 rarissime
746 2575 822 2630 enim
838 2576 939 2630 fortius
953 2576 1167 2647 interpungitur

218 2644 248 2697 in
266 2644 347 2714 pedis
367 2643 439 2698 sexti
457 2643 549 2700 initio.

144 2722 198 2771 402
217 2714 379 2784 interpunxi
392 2714 595 2769 Buechelerum
610 2715 774 2786 prioresque
789 2720 915 2784 secutus3
933 2734 1001 2772 nam
1016 2735 1088 2788 quae
1103 2719 1167 2789 ipse

218 2786 293 2855 apud
316 2784 358 2840 Bi.
383 2787 513 2855 exposui,
540 2803 613 2840 nune
636 2785 720 2840 nimis
744 2787 899 2843 artificiosa
926 2789 997 2843 mihi
1024 2789 1166 2861 videntur,

218 2873 303 2925 quam
321 2858 354 2910 ut
373 2856 534 2912 sustineam.

144 2935 199 2983 420
217 2930 254 2998 et]
275 2929 335 2980 VH
346 2927 398 2998 (P),
418 2930 464 2983 eui
480 2926 597 2996 reliqui;
620 2928 670 2982 sed
690 2928 803 2984 dativus
821 2930 914 2985 minus
932 2931 1054 3000 placuit;
1073 2948 1166 3000 neque

218 2998 293 3054 enim
310 2998 341 3051 in
358 2998 494 3053 honorem
510 2998 659 3054 Phoenicis
677 2999 788 3054 redolet
806 3000 865 3056 cius
883 3002 1019 3058 bustum·

143 3076 198 3125 424
216 3070 302 3194 {eati}
322 3069 357 3123 de
375 3070 429 3123 hac
452 3069 662 3139 emendatione,
692 3087 748 3138 qua
771 3089 868 3127 verum
892 3073 1029 3142 adtigisse
1051 3073 1167 3129 videtur

243 3139 380 3210 oenigius,
399 3139 465 3194 vide
483 3140 584 3210 ipsum.
618 3143 702 3210 atque
722 3141 809 3197 etiam
827 3143 882 3197 hoc
901 3147 999 3198 contra
1018 3144 1166 3214 vulgatam

216 3213 301 3266 menti
319 3210 424 3264 adferri
441 3213 549 3280 potest,
574 3212 737 3280 speluncam
755 3212 835 3268 illam
853 3213 1027 3284 fabulosam,
1054 3217 1089 3270 de
1109 3233 1167 3286 qua

216 3282 305 3336 verba
334 3281 405 3336 facit
429 3285 528 3351 poeta,
557 3282 645 3352 ipsius
672 3286 757 3339 nauti
783 3301 839 3339 non
866 3284 1035 3355 imperviam
1062 3286 1165 3356 fuisse;

220 3352 305 3407 aliter
322 3368 379 3406 non
398 3352 602 3422 descripsisset.

144 3431 197 3479 436
216 3442 277 3480 cura
291 3423 405 3495 lapibus]
425 3424 466 3478 sic
480 3424 577 3495 accipe
592 3427 624 3479 ut
637 3425 712 3496 apud
726 3425 871 3480 Lucanum
884 3428 897 3481 I
912 3433 964 3482 642
978 3435 1053 3484 errat
1066 3431 1168 3486 nulla

217 3512 287 3551 eum
306 3496 373 3566 leqe
390 3497 518 3551 maedus.
