2438 3832
105 152 148 213 14
427 150 574 205 CLAVDIl
594 150 794 206 CLAVDIANI

103 312 211 376 Aurea
233 313 374 399 Pactoli3
397 317 566 396 totumque
589 311 774 376 exhauserit
797 311 967 376 Hermum:

103 400 241 466 Ardebit
263 402 385 466 maiore
409 402 473 466 siti.
521 401 623 478 Quam
646 401 758 464 fallere
781 405 906 465 mentes

103 490 227 554 Doctus
251 495 283 554 et
305 490 476 554 unanimos
501 489 584 554 odiis
607 489 739 553 turbare
762 489 901 553 sodalesl
1070 508 1122 556 100

103 577 214 642 Talem
236 579 408 665 progenies
431 577 600 642 hominum
624 578 652 641 si
675 578 782 661 prisca
804 577 945 663 tulisset,

102 666 293 753 Perithoum
316 667 442 753 sugeret
466 666 622 752 Theseus,
646 667 788 730 offensus
812 664 958 730 Orestem

102 754 271 819 Desereret
294 755 445 840 Pylades,
469 755 590 819 odisset
615 753 750 818 Castora
771 754 898 819 Pollux.

102 841 178 927 Ipsa
201 844 330 927 quidem
353 846 458 908 fateor
479 844 566 908 vinci
589 842 766 926 rapidoque
789 843 980 929 magistram

101 931 273 996 Praevenit
297 932 442 1019 ingenio3
464 953 523 996 neo
545 933 619 1015 plus
643 953 789 995 sermone
812 932 976 995 morabor:
1069 949 1121 998 110

104 1019 199 1085 Solus
222 1020 320 1084 habet
344 1020 500 1084 scelenrm
524 1019 682 1104 quidquid
703 1019 907 1102 possedimus
931 1040 1051 1085 omnes.

102 1109 197 1173 Hunc
221 1131 295 1195 ego,
318 1109 347 1173 si
369 1113 495 1173 vestrae
517 1129 569 1172 res
592 1111 641 1171 est
665 1106 869 1172 accommoda
891 1108 1016 1193 turbae,

101 1198 256 1283 Regalem
279 1198 320 1261 ad
343 1198 461 1261 summi
483 1197 659 1281 producam
681 1196 839 1280 principis
863 1197 978 1260 aulam.

102 1285 153 1350 Sit
175 1286 252 1349 lieet
275 1285 344 1369 ipse
367 1285 475 1350 Numa
497 1285 637 1371 gravior,
661 1284 704 1348 sit
728 1285 865 1368 denique
888 1285 1006 1370 Minos,

103 1373 200 1437 Cedet
224 1378 255 1437 et
279 1374 408 1437 insidiis
430 1373 535 1438 nostri
557 1374 706 1437 flectetur
728 1373 876 1437 alumni'.
1066 1390 1118 1439 110

169 1460 322 1526 Orantem
346 1461 493 1545 sequitur
516 1462 637 1526 clamor
660 1466 856 1544 cunctaeque
879 1463 1032 1544 profanas

100 1549 275 1614 Porrexere
298 1573 412 1615 manus
436 1550 630 1633 inventaque
652 1550 763 1613 tristia
785 1550 927 1614 laudant.

99 1636 162 1702 Illa
184 1639 242 1703 ubi
266 1639 411 1704 caemleo
434 1643 541 1704 vestes
564 1638 716 1703 conexuit
739 1660 844 1724 angue

100 1726 307 1811 Nodavitque
331 1729 500 1791 adamante
524 1749 645 1812 comas,
667 1726 907 1813 Phlegethonta
930 1747 1085 1792 sonorum

100 1815 211 1880 Poscit
235 1821 267 1880 et
290 1817 439 1880 ambusto
462 1815 632 1902 flagrantis
655 1815 696 1879 ab
720 1837 838 1902 aggere
860 1815 950 1898 ripae
1067 1833 1120 1882 110

100 1902 269 1990 lugentem
290 1905 382 1988 piceo
407 1904 571 1969 succendit
593 1904 724 1990 gurgite
746 1905 860 1987 pinum

100 1992 263 2079 Pigraque
285 1993 410 2057 veloces
432 2014 491 2076 per
514 1992 648 2056 Tartara
671 1993 815 2056 concutit
838 1993 915 2057 alas.

166 2081 229 2145 nst
251 2081 342 2146 locus
365 2086 543 2145 extremum
565 2080 679 2164 pandit
703 2103 767 2163 qua
790 2080 898 2145 Gallia
920 2081 1000 2145 litus

101 2169 219 2235 Oceani
241 2175 428 2254 praetentus
452 2169 559 2253 aquis,
581 2169 639 2233 ubi
662 2169 766 2233 fertur
787 2169 902 2234 Vlixes

100 2257 263 2346 Sanguine
286 2260 389 2323 libato
412 2259 569 2342 populum
591 2258 732 2322 movisse
756 2257 914 2323 silentem.
1064 2276 1116 2325 rao

98 2346 172 2412 Illic
195 2347 382 2411 umbrarum
404 2346 495 2410 tenui
519 2345 657 2411 stridore
680 2346 848 2410 volantum

97 2435 234 2500 Flebilis
258 2435 389 2499 auditur
412 2438 559 2520 questus3
582 2435 755 2499 simulacra
778 2435 885 2498 coloni

98 2523 225 2587 Pallida
248 2523 478 2606 dehmctasque
501 2523 611 2587 vident
634 2523 775 2609 migrare
801 2527 953 2587 catervas.

98 2611 185 2676 Hinc
208 2612 266 2675 dea
287 2611 441 2696 prosiluit
463 2611 652 2695 Phoebique
675 2632 805 2697 egressa
828 2633 958 2676 serenos

97 2699 214 2765 infecit
237 2701 345 2765 radios
368 2701 558 2783 ululatuque
582 2700 712 2764 aethera
737 2700 826 2783 rupit
1062 2717 1117 2767 1³0

98 2789 266 2854 Terrifico:
290 2789 389 2853 sentit
412 2788 511 2852 ferale
534 2789 705 2852 Britannia
727 2811 873 2852 murmur

97 2879 142 2944 nt
166 2878 329 2942 Senonum
353 2877 459 2960 quatit
482 2898 558 2941 arva
580 2877 691 2963 fragor
713 2878 923 2961 revolutaque
945 2876 1069 2961 Tethys

98 2966 254 3032 Substitit
278 2970 310 3030 et
333 2966 466 3030 Rhenus
489 2966 632 3049 proiecta
654 2966 780 3050 torpuit
802 2988 891 3030 urna.

98 3057 188 3121 Tunc
211 3055 246 3120 in
270 3054 422 3119 canitiem
443 3054 578 3118 mutatis
603 3058 718 3137 sponte
742 3054 884 3118 colubris

95 3145 305 3231 Longaevum
327 3143 464 3208 mentita
487 3164 594 3206 senem
617 3142 772 3228 rugisque
795 3164 924 3206 seueras
1061 3159 1115 3208 las

95 3233 283 3298 Persulcata
306 3254 405 3319 genas
429 3234 461 3296 et
484 3232 560 3294 ficto
583 3231 737 3317 languida
758 3253 857 3315 passu

96 3320 225 3386 Invadit
248 3344 358 3385 muros
381 3320 515 3404 illusae,
536 3320 709 3384 notissima
733 3318 852 3383 dudum

97 3411 195 3476 Tecta
217 3414 344 3494 petens,
368 3410 534 3491 oculisque
558 3408 612 3472 diu
635 3408 812 3472 liventibus
835 3407 942 3472 haesit

93 3499 244 3564 Peiorem
266 3499 384 3563 mirata
406 3498 525 3582 virum,
547 3502 618 3561 tum
640 3497 720 3560 talia
742 3496 842 3561 fatur:
