2438 3832
96 143 147 197 XX
367 141 651 198 ADNOTATIONES
671 141 847 197 ORITICAE.

117 308 168 357 154
187 303 279 373 litavi]
308 303 343 358 of.
372 318 444 370 quae
473 300 589 371 exposui
611 301 641 355 in
664 301 864 356 dissertatione
895 301 947 354 ‘De
971 300 1117 356 codicibus

188 372 359 427 Cuiacianis'
380 373 480 442 (Marp.
494 372 764 442 MDCCOLXXXIX)
782 391 809 442 p.
825 377 858 426 59
880 374 909 426 et
922 372 965 428 Bi.
979 372 1037 428 ind.
1053 390 1074 427 s.
1089 392 1115 427 v.

119 450 169 498 173
188 445 401 516 Instabiicspae]
421 463 471 514 que
490 444 645 498 omiserunt
658 445 719 498 VH
735 452 764 498 et
782 441 925 513 proximus
945 443 1049 509 editam
1068 443 1116 498 vix

188 518 283 569 autem
303 515 401 569 deesse
419 519 515 584 potest
533 514 635 584 copula
658 514 812 569 sccundum
831 514 981 569 Claudiani
1000 532 1117 569 consue-

187 586 315 640 tudinem
335 588 370 641 of.
385 586 427 642 Bi.
447 586 534 655 praef.
551 586 652 642 CCXX.

116 664 167 712 219
187 659 246 714 Nec
261 657 360 728 ..mco]
376 674 545 726 quamquam
559 658 635 711 solus
644 657 686 712 Λ1
701 658 819 726 praebet
833 657 972 726 probante
987 674 1054 711 sane
1064 658 1115 725 11²,

188 730 285 782 tamen
304 729 381 783 edidi
404 727 596 798 quadruplicis
619 727 780 782 iterationis
799 728 917 786 voculae
939 745 996 784 moa
1020 728 1117 783 taedio

189 802 290 869 captus
308 799 495 867 vertendique
514 799 607 854 studio
627 799 763 854 adlectus.

117 875 169 925 230
187 871 277 942 casso]
303 871 482 925 obstantibus
505 870 531 924 V
551 873 580 924 et
599 869 632 939 0,
661 869 710 940 qui
733 869 801 924 libri
823 873 895 926 caesi
918 870 975 940 (uel
997 873 1066 945 cepti
1086 871 1116 938 C)

186 942 293 1011 legunt,
313 941 436 1011 praetuli
455 941 654 1011 grammatices
673 941 786 1012 regulas
804 958 861 995 non
876 941 936 996 sine
952 958 1038 997 causa
1051 959 1115 1011 grs-

187 1012 305 1067 vissima
324 1014 438 1082 neglegi
457 1012 560 1067 debere
578 1015 665 1067 ratus.

115 1089 168 1138 238
182 1103 286 1155 passim
304 1085 354 1156 est]
382 1091 420 1140 cst
444 1083 541 1138 omisit
562 1083 669 1137 Birtius
698 1085 798 1137 contra
825 1083 950 1138 omnium
978 1083 1115 1138 librorum

190 1172 369 1221 consensum,
394 1153 638 1209 observationibus
658 1170 728 1222 quas
753 1154 788 1208 de
807 1154 956 1209 Claudiani
979 1155 1117 1209 sermonis

188 1225 392 1351 wlggfflsisne
406 1226 483 1294 fecit,
502 1225 586 1279 nimis
601 1229 634 1279 ut
648 1242 710 1279 reor
723 1225 887 1294 indulgens3
903 1227 936 1281 of.
953 1225 1012 1280 eius
1027 1226 1116 1295 praef.

188 1315 214 1366 p.
366 1340 372 1352 .

119 1381 172 1430 253
192 1376 295 1448 Syllae]
317 1376 496 1430 scribendum
516 1392 577 1430 csse
595 1394 660 1431 mss.
681 1379 797 1430 monent
823 1380 852 1430 et
870 1375 911 1430 sic
928 1376 970 1432 Bi.
990 1377 1118 1430 restituit

192 1447 231 1500 VI
246 1464 320 1502 cons.
335 1449 407 1502 Hon.
423 1454 487 1517 3833
508 1447 542 1503 cf.
562 1447 623 1501 eius
642 1447 856 1502 adnotationem
876 1447 949 1502 adl.

118 1531 169 1582 287
189 1544 251 1583 cam
261 1545 358 1598 presso
370 1535 458 1583 matre
471 1529 589 1598 rebellis]
604 1544 665 1582 cmm
676 1544 772 1597 pressa
787 1527 857 1581 duce
872 1526 892 1581 (l
907 1525 997 1593 edidi3
1011 1529 1118 1582 rebellis

191 1615 287 1653 omnes
307 1598 374 1652 libri
392 1601 468 1668 (nam
486 1598 562 1653 idem
581 1602 656 1652 certe
675 1597 738 1652 vult
752 1598 771 1651 C
786 1599 897 1653 semilis
916 1597 1053 1667 scribens)
1072 1615 1118 1652 ex-

192 1671 274 1738 cepto
289 1669 315 1722 V
326 1670 334 1701 ¹
347 1669 397 1737 qui
410 1671 524 1724 rebellas
537 1669 634 1738 tradit,
653 1685 738 1736 quam
754 1668 905 1722 lectionem
922 1668 982 1723 sine
996 1670 1118 1724 necessi-

192 1742 261 1806 tate,
280 1739 305 1793 si
319 1740 388 1808 quid
402 1740 495 1805 video,
509 1740 551 1795 Bi.
565 1739 592 1792 in
608 1742 742 1795 rebellans
755 1739 889 1808 mutavit3
904 1739 939 1794 cf.
955 1740 1015 1794 eius
1029 1741 1117 1810 praef.

190 1829 216 1879 p.
237 1810 297 1864 CIV
308 1828 347 1879 sq.
385 1829 446 1866 com
465 1828 561 1880 pressa
586 1817 673 1865 matre
694 1812 808 1866 rebellas
830 1811 1019 1865 Mommsenus
1044 1827 1117 1864 corn-

189 1881 312 1948 mendat
333 1882 410 1950 quod
424 1882 558 1951 placeret,
578 1882 602 1935 si
616 1881 776 1936 interiectio
790 1898 806 1937 o
822 1884 887 1936 ante
902 1881 1017 1952 plenum
1031 1898 1117 1936 enun-

188 1954 292 2005 tiatum
310 1953 406 2022 posita
424 1952 540 2007 tolerari
558 1956 662 2021 posset.

118 2037 171 2086 314
189 2033 311 2156 doricam]
325 2050 390 2157 dppo
414 2035 521 2089 doniam'
544 2033 638 2103 recepi
660 2032 782 2087 Birtium
806 2036 918 2087 secutus
947 2032 1025 2087 cuins
1052 2033 1118 2087 vide

189 2119 226 2157 no
238 2119 324 2157 ama
374 2149 380 2159 .

117 2188 171 2236 324
188 2184 334 2255 famosius]
350 2183 508 2252 CHV²A³,
528 2186 680 2239 animosius
693 2184 734 2239 Bi.
753 2201 786 2238 es
801 2184 844 2237 V1
858 2183 1052 2238 consentiente
1067 2185 1118 2250 11²,

189 2256 270 2323 quod
285 2272 347 2308 cum
367 2255 397 2308 in
414 2256 513 2309 laudes
532 2254 678 2309 Hunorum
697 2255 788 2324 accipi
807 2255 924 2309 deberet
944 2254 1118 2309 reiciendum

190 2328 246 2394 est;
265 2325 471 2394 turpitudinem
491 2324 566 2379 enim
584 2326 678 2394 gentis
697 2325 773 2380 illius
788 2325 891 2379 vividis
906 2325 1047 2380 coloribus
1066 2342 1118 2380 nee

191 2395 252 2450 sine
272 2396 336 2450 odio
356 2396 486 2466 depingit
503 2397 596 2464 poeta.

119 2481 172 2530 343
190 2476 316 2547 rapidos]
335 2476 456 2546 trepidos
468 2475 511 2529 Bi.
527 2492 561 2529 ex
573 2477 599 2530 V
614 2475 663 2545 qui
680 2475 769 2530 habet
787 2477 893 2545 tepidos
906 2478 936 2530 et
949 2467 1119 2547 Isengrini63

192 2563 261 2614 quos
281 2557 375 2600 tamen
399 2547 478 2614 sequi
500 2546 592 2614 nolui,
618 2563 789 2615 quamquam
811 2547 889 2600 haud
912 2547 1009 2617 inepte
1033 2565 1118 2616 equos

192 2618 262 2670 duce
281 2615 443 2671 Formidine
462 2620 582 2686 trepidos
598 2618 694 2672 vocari
712 2635 795 2687 posse
814 2617 946 2674 concedo,

120 2703 170 2752 371
190 2697 258 2768 mom]
279 2695 333 2750 etsi
357 2695 433 2750 solus
451 2697 474 2750 B
493 2697 612 2766 praebet
635 2698 824 2753 concordante
842 2699 897 2768 ΑΒ,
925 2698 1012 2753 refeci
1034 2698 1119 2753 nimis

192 2767 313 2822 offensus
332 2766 382 2820 illo
401 2775 426 2822 ct
441 2809 447 2822 .
460 2811 465 2823 .
479 2785 528 2823 mc
546 2770 600 2824 uili
623 2769 698 2837 quod
720 2769 829 2839 recepit
846 2769 888 2824 Bi.
921 2786 979 2825 moa
996 2771 1047 2825 oili
1068 2787 1119 2840 pro

192 2840 239 2893 ‘ne
255 2839 306 2893 vili
325 2837 451 2906 quidem’
472 2839 596 2908 positum
611 2856 671 2894 esse
686 2841 812 2909 adparet.
842 2842 966 2895 ceterum
981 2840 1119 2895 adtendas

190 2909 290 2978 velim,
317 2926 402 2977 quam
421 2909 566 2979 eleganter
585 2910 705 2965 adludat
723 2913 808 2981 poeta
831 2913 867 2966 ad
891 2911 997 2966 exitum
1015 2911 1119 2978 Rufini,

105 3006 109 3014 ·
190 2980 270 3036 cuius
295 2980 403 3035 scilicet
426 2998 526 3050 corpus
551 2981 692 3036 laniatum
718 2983 876 3038 laceratum
904 2982 1053 3036 discissum
1077 3000 1119 3037 se·

189 3052 306 3122 pultura
323 3051 437 3106 omnino
456 3054 585 3109 caruerit.

100 3132 127 3186 Il
140 3133 228 3202 praef.
244 3138 259 3187 2
275 3132 431 3203 promissis]
451 3133 583 3202 proponit
597 3134 639 3187 Bi.
654 3134 752 3204 (praef.
767 3151 794 3202 p.
808 3132 874 3201 CV),
896 3133 926 3184 ut
939 3131 1120 3201 pleonasmus

194 3222 249 3272 quo
268 3203 355 3258 verba
370 3205 511 3274 permissis
583 3206 645 3261 licet
662 3208 704 3261 irc
722 3207 811 3261 choris
833 3203 965 3257 laborant
988 3203 1119 3258 evitetur.

102 3283 173 3339 1149
191 3285 270 3355 fatis]
295 3282 399 3347 ambs
428 3287 519 3339 coasis
541 3284 656 3355 reliqui;
685 3284 734 3339 sed
762 3286 849 3340 mecm
876 3301 961 3339 caasa
987 3283 1037 3338 vix
1063 3283 1122 3338 dici

190 3371 273 3424 posse
301 3355 448 3410 contendo.
489 3371 573 3425 porro
602 3358 696 3410 autem
723 3373 820 3410 sensus
847 3355 908 3424 ipse
936 3357 969 3408 ut
996 3357 1121 3410 menibus

189 3428 258 3494 fotis
276 3443 326 3496 pro
348 3425 439 3480 ‘brevi
456 3427 594 3496 tempore’
615 3427 729 3498 legatur
748 3429 832 3497 plane
855 3425 977 3496 flagitat,
995 3425 1026 3479 id
1045 3425 1121 3494 quod

191 3498 293 3552 docent
311 3514 407 3552 versus
427 3502 460 3553 32
480 3501 509 3553 et
527 3504 570 3553 33.
