2438 3832
100 702 297 779 CLAVDII
329 705 593 779 CLAVDIANI
624 705 679 778 IN
711 704 934 779 RVPINVM
971 705 1120 778 LIBER

512 845 700 920 PRIMVS.

396 1023 549 1084 INCIPIT
573 1024 813 1087 PRAEFATIO.

575 1157 637 1229 (Π.)

97 1265 248 1332 Phoebeo
273 1267 415 1331 domitus
433 1265 565 1350 Python
588 1288 661 1331 oum
684 1267 802 1332 decidit
826 1289 902 1331 arou

143 1355 351 1439 Membraque
376 1354 529 1419 Cirrhaeo
552 1355 637 1419 fudit
661 1356 776 1420 anhela
799 1356 887 1442 iugo,

100 1443 162 1520 Qui
186 1443 283 1528 spiris
306 1447 430 1530 tegeret
453 1447 589 1529 montes,
612 1444 756 1509 hauriret
779 1443 873 1509 hiatu

142 1531 306 1617 Flumina,
330 1532 516 1618 sanguineis
539 1535 687 1618 tangeret
711 1538 798 1597 astra
822 1533 923 1598 iubis:

97 1619 167 1684 Iam
189 1620 273 1684 liber
295 1620 458 1685 Parnasus
482 1624 550 1684 erat
571 1643 720 1704 nexuque
745 1621 852 1686 soluto
1100 1641 1117 1687 5

144 1709 300 1794 Coeperat
324 1712 429 1773 erecta
453 1731 584 1795 surgere
608 1710 721 1774 fronde
743 1732 857 1774 nemus

99 1797 344 1881 Concussaeque
368 1797 423 1861 ‹iiu
447 1796 601 1880 spatiosis
624 1798 783 1862 tractibus
808 1798 879 1864 orni

143 1885 278 1951 Securus
300 1886 407 1950 ventis
430 1885 610 1970 explicuere
634 1908 742 1951 eomas

96 1973 142 2039 nt
166 1975 222 2058 qui
245 1975 373 2058 vipereo
398 1974 560 2058 spumavit
583 1997 677 2058 saepe
699 1998 821 2040 veneno

143 2062 299 2147 Cephisos
321 2063 436 2127 nitidis
458 2063 571 2147 purior
593 2063 663 2127 ibat
685 2064 788 2147 aquis.
1082 2082 1115 2131 ιο

97 2150 211 2216 Omnis
235 2152 279 2216 ‘io
301 2151 420 2216 Paean'
444 2151 533 2237 regio
558 2156 665 2237 sonat3
689 2153 797 2216 omnia
819 2152 987 2216 Phoebum

140 2241 230 2304 Rura
253 2244 385 2324 oanunt3
407 2239 553 2323 tripodas
576 2240 703 2324 plenior
725 2264 803 2305 aura
825 2245 922 2326 rotat,

95 2327 283 2411 Auditoque
305 2328 419 2411 proeul
441 2327 608 2392 Musarum
631 2329 772 2393 carmine
795 2330 881 2394 duloi

139 2415 193 2480 Ad
215 2415 380 2481 Themidis
403 2419 519 2480 coeunt
542 2420 635 2481 antra
658 2438 767 2482 severa
790 2418 849 2483 dei.

95 2591 192 2658 Nune
215 2593 280 2657 alio
304 2594 426 2659 domini
449 2593 524 2657 telis
547 2592 696 2677 Pythone
718 2598 885 2679 perempto
1080 2612 1114 2659 15

143 2680 301 2747 Convenit
324 2684 365 2747 ad
386 2687 532 2747 nostram
556 2703 646 2745 saera
670 2686 797 2746 caterva
819 2683 933 2768 lyram,

97 2769 160 2848 Qui
184 2771 334 2835 stabilem
358 2794 488 2835 servans
510 2769 671 2857 Augustis
695 2771 852 2835 fratribus
876 2772 987 2836 orbem

140 2858 272 2924 Iustitia
294 2882 419 2945 paoem,
441 2859 566 2924 viribus
589 2881 679 2924 arma
702 2860 795 2946 regIt.
