2438 3832
82 188 282 244 CARMINVM
298 187 474 243 MINORVM
488 185 760 264 coanchLVM,
775 205 797 244 o.
812 188 998 244 XIII-XVII.
1030 189 1094 253 221

82 350 263 417 Grandaevi
285 351 413 439 gemina
437 351 590 415 sublimes
612 351 703 436 prole
726 352 874 416 feruntur

126 441 171 505 Et
195 463 269 505 cara
289 446 347 505 nat
349 463 385 505 os
408 441 594 524 implicuere
617 461 716 504 mora.

81 529 199 596 Nonne
221 529 383 615 vides,u
368 533 500 594 tsaeva
524 551 621 594 senex
643 528 789 593 incendia
812 530 992 593 monstret?
1188 597 1190 602 ,

126 619 173 683 Vt
159 618 321 702 ttrepido
344 618 523 705 genetrix
514 622 642 683 mvocet
666 639 720 682 ore
744 616 842 681 deos?
1062 636 1095 684 10

82 708 196 772 Erexit
218 707 356 772 formido
380 729 517 793 comam,
539 728 660 791 perque
684 728 777 770 omne
800 707 968 771 metallum
1148 717 1151 721 ’

128 797 233 860 Fusus
256 797 291 861 in
314 797 454 861 attonito
477 797 595 880 palluit
618 817 689 860 aare
712 800 841 861 tremor.
942 854 944 858 ,

82 884 122 949 Ιιι
143 886 296 950 iuvenum
317 885 470 949 membris
494 885 658 949 animosus
682 884 823 948 cernitur
847 884 964 948 horror

127 973 236 1058 Atque
260 974 349 1039 oneri
371 978 517 1039 metuens
539 973 783 1058 impavidusque
807 973 866 1038 sui.

83 1064 232 1132 Reiectac
254 1067 351 1127 vento
375 1062 567 1146 chlamydes.
604 1062 760 1126 Dextram
784 1063 884 1126 exerit
906 1063 962 1126 ille
1064 1081 1097 1128 15

130 1152 309 1216 Contentus
332 1153 423 1217 laeva
447 1151 639 1216 sustinuisse
662 1154 803 1236 patrem3

84 1239 147 1304 Ast
170 1240 219 1303 illi
243 1240 385 1323 duplices
408 1241 442 1304 in
464 1241 585 1304 nodum
608 1239 733 1326 colligit
755 1239 850 1303 ulnas
981 1289 983 1295 .

131 1328 264 1393 Cautior
286 1329 322 1392 in
345 1352 423 1393 sexu
446 1327 599 1393 debiliore
622 1328 724 1393 labor.

84 1417 156 1481 Hoc
180 1440 308 1502 quoque
330 1418 526 1501 praeteriens
551 1418 715 1482 oculisne
739 1417 823 1481 forte
846 1417 1022 1503 relinquas,

128 1504 273 1571 Artificis
296 1506 414 1571 tacitae
439 1508 525 1591 quod
547 1511 691 1571 meruere
713 1528 842 1570 manus:
1063 1523 1097 1572 ιο

85 1593 172 1660 Nam
195 1597 451 1682 consanguineos
474 1596 584 1661 eadem
607 1617 680 1660 cum
702 1596 807 1660 forma
829 1596 961 1681 figuret,

129 1684 192 1748 Hic
214 1685 436 1769 propiori
369 1686 465 1749 matri
488 1687 527 1749 fit
549 1690 673 1769 tamen,
696 1684 752 1748 ille
774 1684 868 1768 patri.

85 1772 268 1836 Dissimiles
292 1796 393 1837 armos
417 1774 562 1838 sollertia
584 1776 743 1857 temperat
766 1773 858 1837 artis:

129 1860 223 1925 Alter
245 1862 281 1924 in
303 1862 436 1926 alterius
459 1862 563 1926 reddit
549 1867 603 1926 ιιιι
626 1883 681 1926 ore
703 1883 833 1947 parens,

85 1949 130 2013 Et
117 1954 237 2014 tnova
260 1951 421 2036 germanis
444 1950 577 2034 paribus
602 1950 786 2023 discrimina
808 1950 965 2035 praebens
1066 1967 1099 2016 25

130 2038 250 2102 Divisit
273 2040 344 2103 vult
330 2043 384 2103 tus
407 2061 480 2104 cum
503 2039 623 2123 pietate
645 2038 745 2103 faber.

34 2214 43 2247 ’·
87 2215 114 2280 0
138 2213 219 2278 b'ene
241 2220 376 2280 naturae
399 2238 570 2302 memores,
594 2216 785 2280 documenta
808 2238 963 2300 supernae

131 2303 293 2390 Iustitiae,
315 2305 635 2390 iuvenum-numina,
657 2307 734 2368 vota
758 2326 882 2369 senum:

87 2393 150 2470 Qui
174 2393 292 2477 spretis
317 2394 433 2477 opibus
456 2395 578 2458 medios
601 2394 800 2478 properastis
823 2393 858 2458 in
879 2394 972 2481 ignes

131 2481 190 2547 Nil
212 2487 340 2566 praeter
363 2487 507 2547 sanctam
529 2483 644 2548 tollere
667 2482 825 2547 canitiem.
1067 2501 1101 2550 30

87 2571 184 2635 Haud
207 2573 353 2656 equidem
376 2573 526 2637 inmerito
549 2576 642 2637 tanta
664 2571 784 2636 virtute
807 2594 969 2655 repressas
1065 2613 1067 2617 <

132 2659 286 2725 Enceladi
309 2662 418 2725 fauces
442 2662 624 2749 obriguisse
646 2682 727 2725 reor.

88 2746 161 2829 Ipse
183 2750 413 2814 redundantem
435 2751 574 2816 frenavit
596 2749 755 2814 Mulciber
777 2747 928 2834 Aetnam,

103 2908 105 2912 ¹
132 2836 286 2904 Laederet
309 2839 446 2922 exempli
468 2862 509 2903 ne
532 2842 740 2904 monumenta
762 2837 817 2920 pii.

90 2922 265 2990 Senserunt
288 2928 445 2992 elementa
468 2927 572 2993 fidem
608 2926 699 2991 Patri
723 2925 900 2989 adfuitt
849 2947 886 2989 ae
886 2926 960 2991 ther
1067 2944 1101 2993 35
1160 2974 1163 2983 ,

134 3012 295 3098 Terraque
318 3020 503 3081 maternum
524 3014 665 3081 sedula
657 3013 739 3078 ιιιιιι
763 3035 853 3078 onus.

90 3100 212 3177 Quodsi
234 3108 332 3168 notus
356 3127 447 3169 amor
468 3103 649 3189 provexit
641 3127 675 3167 m
699 3104 787 3166 astra
808 3102 968 3190 Laconas,

133 3189 265 3255 Aenean
287 3191 431 3282 Phrygio
454 3199 527 3279 rapt
528 3218 567 3259 us
513 3191 663 3259 tab
655 3213 729 3278 rgne
752 3195 809 3275 pat
811 3192 858 3276 ιιι,

90 3278 201 3343 Sit
148 3283 201 3343 vet
202 3302 240 3343 us
264 3279 435 3368 Argolicos
457 3284 559 3348 inlust
545 3288 611 3349 trat
634 3280 739 3367 gloria
761 3279 826 3344 frat
813 3284 892 3365 tr,es

135 3367 196 3444 Qui
221 3391 278 3432 sua
301 3375 446 3436 materno
470 3373 553 3437 colla
577 3369 721 3437 dedere
712 3391 803 3455 rugo:
1067 3388 1101 3437 40

90 3455 155 3521 Cur
177 3480 244 3521 non
266 3457 497 3546 Amphinomo,
521 3485 578 3526 cur
600 3453 703 3527 nont
689 3458 764 3544 tibi,
787 3457 907 3522 fortis
902 3456 1026 3545 Anapi,
1090 3483 1094 3492 ·

133 3544 197 3611 Aet
183 3551 310 3612 ternum
334 3547 499 3614 Siculust
485 3552 606 3636 templa
629 3547 748 3613 dicavit
769 3547 900 3612 bonos‘t
983 3612 987 3617 .
