2438 3832
94 136 161 201 104
416 133 563 190 GLAVDII
582 135 783 192 CLAVDIANI

433 391 780 464 PANEGYRIGVS.

562 544 648 612 (vn.)

167 654 276 718 Tertia
299 653 450 717 Romulei
474 657 603 716 sumant
626 653 757 717 exordia
780 654 883 717 fasces

98 743 224 826 Terque
246 746 320 807 tuas
344 741 439 805 ducat
462 741 614 805 bellatrix
636 764 755 827 pompa
779 742 918 826 curules3

98 830 228 896 Festior
252 852 354 895 annus
378 834 430 895 eat
455 830 642 913 cinctusque
666 831 793 895 imitata
818 829 962 894 Gabinos

100 920 198 984 Dives
221 919 404 1004 Hydaspeis
429 923 580 1005 augescat
603 942 745 1003 purpura
768 919 919 1006 gemmis3

102 1007 280 1074 Succedunt
304 1008 402 1071 armis
425 1007 569 1092 trabeae,
591 1008 733 1071 tentoria
755 1008 852 1072 lictor
1100 1024 1114 1072 5

100 1097 235 1162 Ambiat
258 1101 290 1161 et
312 1096 425 1160 Latiae
448 1097 579 1161 redeant
603 1097 643 1160 ad
666 1097 760 1182 signa
784 1119 923 1181 secureS,

100 1187 213 1271 Tuque
237 1208 255 1250 o
280 1186 336 1269 qui
359 1185 502 1269 patrium
526 1186 611 1249 curis
635 1185 825 1269 aequalibus
849 1186 960 1250 orbem

98 1275 171 1340 Eoo
195 1298 268 1339 cum
290 1275 390 1338 fratre
413 1275 514 1360 regio,
537 1275 672 1358 procede
697 1275 845 1339 secundis

98 1363 245 1428 Alitibus
268 1362 457 1445 Phoebique
479 1385 581 1426 novos
606 1363 712 1427 ordire
735 1369 873 1448 meatus,

103 1452 183 1536 Spes
206 1455 382 1534 votumque
405 1451 487 1535 poli,
511 1452 734 1535 quamprimo
758 1476 777 1517 a
800 1453 912 1517 limine
935 1451 1022 1515 vitae
1084 1467 1116 1517 10

99 1539 221 1606 Nutrix
245 1539 319 1603 aula
342 1539 443 1623 fovet,
467 1540 589 1603 strictis
614 1564 709 1624 quem
732 1541 858 1627 fiulgida
880 1541 955 1604 telis

101 1628 190 1694 luter
213 1628 393 1714 laurigeros
417 1629 566 1693 aluenmt
590 1634 695 1694 castra
718 1630 910 1714 triumphos.

99 1716 210 1783 Ardua
233 1717 378 1801 privatos
400 1718 505 1782 nescit
527 1717 671 1783 Fortuna
694 1723 827 1802 penates

99 1807 145 1871 Et
168 1829 303 1892 regnum
327 1829 399 1870 cum
422 1807 493 1871 luce
517 1807 612 1871 dedit.
660 1806 807 1893 Cognata
828 1811 973 1890 potestas

99 1896 238 1979 Excepit
261 1894 360 1978 Tyrio
384 1896 567 1960 venerabile
589 1896 708 1981 pignus
732 1895 768 1959 in
791 1901 880 1959 ostro

100 1984 331 2066 Lustravitque
354 1988 428 2047 tuos
452 1984 571 2067 aquilis
594 1984 784 2048 victricibus
809 1989 899 2048 ortus

100 2073 197 2137 Miles
221 2076 253 2136 et
276 2072 312 2136 in
334 2072 449 2136 mediis
473 2072 633 2136 cunabula
656 2067 806 2156 praebuit
829 2073 943 2139 hastis.

101 2162 147 2227 Te
169 2166 321 2226 nascente
343 2161 435 2224 ferox
458 2165 528 2225 toto
553 2160 726 2225 Germania
749 2161 863 2225 Rheno

101 2250 274 2316 Intremuit
298 2250 463 2332 movitque
488 2271 562 2312 suas
586 2250 758 2314 formidine
782 2250 881 2314 silvas

103 2339 264 2406 Caucasus
288 2343 319 2402 et
342 2338 460 2421 positis
483 2360 603 2401 numen
626 2339 772 2402 confessa
795 2339 957 2422 pharetris

101 2428 240 2515 Ignavas
264 2426 372 2490 Meroe
395 2426 496 2489 traxit
520 2426 558 2489 de
582 2427 669 2491 crine
693 2427 838 2514 sagittas.

100 2515 251 2601 Reptasti
273 2537 331 2598 per
355 2519 445 2578 scuta
468 2537 561 2600 puer,
583 2538 759 2602 regumque
782 2522 925 2581 recentes

102 2604 248 2670 Exuvias
271 2603 334 2667 tibi
357 2603 452 2667 ludus
477 2609 581 2689 erant,
604 2605 792 2688 primusque
816 2606 942 2669 solebas

101 2694 226 2778 Aspera
250 2693 421 2776 complecti
444 2698 573 2756 torvum
596 2699 671 2777 post
694 2695 818 2778 proelia
840 2698 978 2778 patrem,

103 2783 204 2870 Signa
226 2781 427 2866 triumphato
452 2782 602 2864 quotiens
625 2783 769 2847 flexisset
793 2783 833 2846 ab
856 2783 971 2846 Histro

101 2873 223 2936 Arctoa
247 2871 285 2934 de
309 2875 417 2957 strage
441 2870 561 2955 calenS,
585 2876 616 2934 et
639 2894 771 2955 poscere
794 2876 919 2954 partem

101 2962 151 3025 De
175 2959 302 3044 spoliiS,
327 2958 497 3042 Scythicos
521 2981 614 3023 arcus
638 2965 693 3023 aut
716 2965 809 3044 rapta
833 2959 966 3024 Gelonis

104 3049 243 3135 Cingula
266 3049 317 3112 vel
341 3049 482 3112 iaculum
504 3048 585 3111 Daci
608 3049 660 3112 vel
683 3049 773 3113 frena
798 3049 904 3113 Suebi.

101 3138 161 3203 Ille
185 3137 367 3202 coruscanti
391 3137 494 3220 clipeo
518 3141 550 3200 te
574 3159 668 3221 saepe
691 3138 853 3202 volentem

102 3227 242 3292 Sustulit
266 3225 413 3289 adridens
438 3229 469 3288 et
492 3231 621 3309 pectore
645 3226 763 3310 pressit
787 3227 902 3290 anhelo

101 3315 303 3400 intrepidum
326 3315 402 3378 ferri
426 3315 536 3400 galeae
559 3338 617 3379 nec
640 3316 734 3379 triste
757 3315 925 3379 timentem

102 3405 227 3490 Fulgur
251 3409 282 3467 et
307 3402 346 3466 ad
370 3426 511 3466 summas
535 3404 718 3468 tendentem
741 3404 873 3467 brachia
896 3403 1019 3467 mistas.

74 3499 78 3505 ’
103 3495 185 3557 Tum
209 3491 383 3556 siclaetus
408 3492 466 3556 ait:
490 3492 571 3556 ‘Rex
596 3515 614 3556 0
639 3493 799 3556 stellantis
824 3491 967 3577 Olympi,
