2438 3832
279 134 336 207 (V.)
355 134 395 189 IN
412 133 582 190 RVFINVM
600 133 709 188 LIBER
729 132 927 188 SECVNDVS.
1071 132 1113 196 31

98 297 198 364 'l’anti
221 296 391 362 eonsilium
412 297 504 384 vulgi
526 295 671 381 potuisse
694 296 793 360 taceri

98 387 169 454 Aut
191 385 317 450 facinus
339 390 407 450 tam
430 386 551 473 grande
574 385 641 471 tegi
664 384 845 468 mentisque
868 385 1007 450 calorem

98 477 179 543 Non
201 496 347 539 sermone
368 474 449 560 viae,
470 496 538 539 non
560 474 645 539 inter
667 474 784 557 pocula
806 474 934 559 rumpi?

99 563 257 649 Aequalis
279 567 405 628 tantam
428 563 533 627 tenuit
556 562 738 627 constantia
761 563 891 627 turbam

100 655 147 719 Et
169 653 233 717 fuit
256 675 408 716 arcanum
430 652 560 737 populo.
605 651 809 716 Percurritur
832 651 984 737 HaemuS,
1066 668 1117 716 300

101 742 271 807 Deseritur
293 741 449 825 Rhodope
473 740 696 824 Thracumque
719 762 777 824 per
799 741 899 805 ardua
921 739 1067 825 tendunt,

102 832 214 896 Donec
236 830 277 894 ad
299 828 450 893 Herculei
472 833 662 913 perventum
683 829 825 894 nominis
847 830 969 894 urbem.

170 919 216 983 Vt
240 917 374 982 cessisse
398 918 518 1004 ducem,
541 916 675 1003 propius
698 918 823 983 venisse
847 919 996 983 cohortes

106 1007 245 1094 Cognita
267 1006 396 1092 Rufino,
418 1029 537 1093 magna
560 1006 681 1071 cervice
704 1006 884 1092 triumphat

104 1095 222 1161 Omnia
243 1099 316 1159 tuta
338 1099 429 1159 ratus
453 1099 679 1180 sceptrumque
702 1117 866 1180 capessere
889 1097 991 1160 fervet
1069 1112 1120 1162 295

103 1186 150 1249 Et
173 1184 358 1249 coniuratos
380 1183 531 1249 hortatur
553 1205 630 1249 voce
654 1183 800 1249 clientes:

105 1273 273 1359 ‘Vicimus
296 1272 488 1359 expulimus
509 1272 615 1337 facilis
638 1272 704 1337 iam
727 1273 820 1358 copia
842 1273 942 1360 regni.

104 1361 226 1428 Nullus
245 1362 286 1426 ab
300 1362 394 1426 hoste
408 1362 514 1427 timor.
547 1360 626 1438 Quis
645 1361 739 1446 enim,
757 1384 853 1446 quern
866 1385 997 1447 poscere
1016 1363 1122 1427 solum

106 1450 254 1535 Horruit,
275 1449 362 1514 hunc
384 1455 477 1516 tanto
500 1449 661 1515 munitum
684 1450 787 1515 milite
809 1451 940 1516 vincat?

107 1539 187 1617 Quis
206 1539 289 1603 ferat
308 1543 477 1624 armatum,
492 1560 587 1623 quem
604 1560 672 1603 non
690 1540 854 1623 superavit
872 1540 1047 1605 inermem?
1071 1557 1124 1606 300

105 1626 122 1691 Ι
144 1648 240 1713 nuno,
263 1626 397 1692 exitium
418 1627 514 1692 nobis
536 1627 691 1692 meditare
715 1633 858 1693 remotus

106 1715 283 1801 Incassum,
307 1714 453 1801 Stilicho,
476 1716 552 1781 dum
574 1738 635 1781 nos
657 1716 848 1803 longissima
870 1718 968 1782 tellus

106 1804 240 1868 Dividat
263 1808 295 1888 et
317 1803 430 1868 mediis
452 1803 578 1869 Nereus
600 1805 812 1891 interstrepat
835 1807 938 1871 undis.

106 1892 246 1977 Alpinas
268 1891 407 1958 transire
429 1893 491 1958 tibi
514 1915 565 1958 me
589 1893 711 1977 sospite
734 1917 830 1979 rupes
906 1892 908 1895 ’
990 1967 993 1971 ,

107 1981 206 2046 Haud
229 1980 365 2045 dabitur.
410 1978 530 2047 Iaculis
552 1981 643 2047 illine
664 2006 716 2048 me
738 1985 838 2070 figere
860 1988 992 2069 tempta.
1072 2002 1124 2050 300

108 2069 233 2146 Quaere
256 2068 347 2133 ferox
369 2091 487 2156 ensem,
510 2071 566 2155 qui
588 2075 702 2136 nostra
725 2073 766 2136 ad
788 2073 915 2137 moenia
938 2071 1027 2136 tendi

107 2157 219 2222 Possit
242 2157 282 2220 ab
305 2155 409 2223 Italia.
454 2158 532 2224 Non
553 2163 587 2224 tc
610 2159 802 2226 documenta
824 2161 978 2246 priorum,

106 2245 185 2311 Non
208 2246 353 2330 exempla
374 2248 509 2312 vetant?
532 2247 683 2331 quisnam
706 2253 842 2314 conatus
865 2249 952 2313 adire

107 2334 178 2398 Has
202 2333 302 2398 iactat
323 2335 444 2400 vitasse
466 2336 605 2401 manus?
640 2338 846 2402 Detrusimus
871 2337 948 2402 orbe

108 2422 155 2486 'I'e
177 2421 283 2486 medio
306 2423 471 2508 tantisque
494 2425 591 2489 simul
615 2427 826 2511 spoliavimus
850 2426 956 2492 armis.
1074 2444 1126 2493 310

107 2509 206 2576 Nunc
229 2511 333 2595 epulis
356 2516 494 2599 tempus,
517 2513 610 2599 socii,
631 2537 718 2580 nune
741 2516 833 2602 larga
855 2537 968 2599 parare

108 2598 245 2663 Munera
268 2598 513 2685 donandumque
534 2602 629 2667 novis
652 2604 835 2690 legionibus
859 2606 986 2668 aurum!

109 2685 301 2771 Opportuna
323 2689 403 2753 meis
427 2690 530 2754 oritur
553 2691 610 2755 lux
634 2693 774 2757 crastina
796 2692 890 2757 votis.

110 2774 205 2852 Quod
226 2775 310 2840 nolit
333 2799 389 2841 rex
411 2777 480 2863 ipse
503 2779 583 2845 velit
605 2780 779 2865 iubeatque
802 2785 933 2846 coactus

110 2862 151 2928 In
172 2868 298 2949 partem
321 2866 401 2930 mihi
423 2889 523 2954 regna
547 2868 623 2934 dari.
672 2869 848 2956 Contingat
871 2869 906 2933 in
928 2891 994 2934 uno
1075 2885 1127 2934 315

109 2952 235 3017 Privati
257 2953 381 3040 fugisse
403 2957 534 3021 modum
557 2956 740 3042 crimenque
762 2957 914 3043 tyranni?

178 3041 313 3106 Talibus
336 3044 494 3110 adclamat
517 3046 612 3110 dictis
635 3046 754 3111 infame
776 3050 950 3111 nocentum

113 3129 303 3217 Concilium,
326 3133 382 3216 qui
404 3135 569 3218 perpetuis
593 3157 719 3200 crevere
741 3135 863 3220 rapinis

109 3217 156 3283 Et
179 3241 262 3303 quos
284 3242 350 3285 una
372 3222 450 3287 facit
472 3223 592 3288 Rufino
616 3246 713 3289 causa
736 3223 877 3288 sodales:

112 3305 278 3373 Iulicitum
301 3309 430 3375 duxisse
451 3311 550 3398 nihil,
572 3313 702 3377 funesta
724 3317 830 3376 tacere
1076 3328 1128 3376 320

110 3395 224 3461 Naxus
248 3397 415 3465 amicitiae.
460 3398 595 3465 Iamiam
619 3401 757 3466 conubia
780 3401 857 3465 laeti

109 3484 321 3569 Despondent
345 3489 449 3554 aliena
473 3489 535 3553 sibi
559 3489 744 3575 frustraque
767 3489 910 3554 vicissim
