2438 3832
103 165 168 231 154
432 163 580 221 CLAVDII
598 163 797 219 CLAVDIANI

105 329 361 414 Communesque
386 329 476 412 sequi
499 329 588 414 leges
610 328 793 412 iniustaque
816 351 993 413 numquam

100 417 228 505 Largiri
252 419 356 483 sociis.
392 417 519 482 Durum
540 416 702 481 Patientia
726 439 841 502 corpus
1066 433 1118 486 105

100 503 248 592 Instnrit,
271 512 308 571 ut
330 507 413 572 nulli
437 507 545 590 cupiat
569 505 702 570 cessisse
725 506 843 592 labori3

101 596 298 681 Temperies,
321 600 358 660 ut
382 599 470 660 casta
492 597 597 679 petas3
619 593 808 680 Prudentia,
831 617 871 660 ne
896 595 974 680 quid

102 684 311 750 Inconsultus
335 707 426 771 agas3
451 683 653 768 Constantia,
677 683 786 748 futtile
808 706 849 749 ne
873 683 951 768 quid

101 773 333 856 Infirmumque
356 795 458 860 geras.
494 772 614 836 Procul
635 773 821 857 importuna
844 772 1001 860 fugantur

101 862 257 947 Numina,
280 862 496 926 monstriferis
520 883 600 945 quae
619 861 774 926 Tartarus
798 862 897 926 edidit
916 861 1032 927 antris:
1066 879 1117 930 110

100 951 150 1016 Ac
173 952 310 1036 primam
334 952 489 1015 scelerum
512 954 662 1035 matrem,
686 972 767 1033 quae
791 973 916 1035 semper
938 949 1088 1017 habendo

100 1040 180 1105 Plus
204 1041 316 1104 sitiens
339 1040 460 1124 patulis
483 1039 620 1103 rimatur
642 1039 790 1103 faucibus
814 1062 941 1125 aurum,

101 1129 217 1194 Trudis
240 1127 433 1215 Avaritiam,
458 1128 548 1193 cuius
572 1128 757 1192 foedissima
779 1129 891 1192 nutrix

99 1217 260 1303 Ambitio,
284 1240 365 1303 quae
388 1217 558 1283 vestibulis
582 1217 770 1301 foribusque
794 1220 964 1301 potentum

101 1306 252 1371 Excubat
275 1312 307 1371 61
330 1307 443 1390 pretiis
466 1307 656 1371 commercia
678 1306 783 1390 pascit
805 1306 979 1392 honorum,
1066 1323 1117 1374 115

100 1395 200 1460 Pulsa
224 1396 328 1460 simul.
365 1394 434 1461 Nec
456 1400 489 1459 16
512 1417 631 1482 gurges
655 1395 837 1479 corruptior
859 1395 929 1460 aevi

100 1484 213 1549 Traxit
236 1484 276 1547 ad
299 1484 493 1570 exemplum,
517 1485 573 1568 qui
595 1484 660 1548 iarn
682 1485 866 1549 firmaverat
889 1484 983 1548 annis

102 1571 231 1637 Crimen
253 1577 285 1636 61
307 1573 342 1637 in
365 1573 470 1660 legem
492 1573 636 1656 rapiendi
658 1577 798 1638 verterat
821 1595 925 1637 usum.

99 1660 247 1744 Denique
269 1683 336 1725 non
359 1661 447 1726 dives
470 1662 530 1725 sub
554 1666 586 1726 te
609 1684 668 1745 pro
692 1685 766 1726 rure
788 1666 922 1745 paterno

99 1749 163 1814 Vel
185 1750 308 1814 laribus
331 1750 445 1835 pallet,
467 1773 534 1814 non
556 1749 727 1815 insidiator
750 1751 880 1815 oberrat
1064 1768 1116 1817 120

99 1837 257 1904 Facturus
282 1861 515 1922 quemcumque
538 1860 641 1925 reum3
663 1861 730 1903 non
754 1839 871 1903 obruta
893 1840 998 1904 virtus

99 1928 294 2011 Paupertate
317 1928 406 1992 latet.
442 1927 559 1992 Lectos
583 1949 622 1991 ex
647 1928 797 1992 omnibus
821 1927 887 1992 oris

99 2016 220 2081 Evehis
244 2020 276 2080 et
298 2016 462 2101 meritum,
484 2039 552 2081 non
575 2039 656 2101 quae
680 2015 853 2101 cunabula,
877 2016 1004 2100 quaeris

98 2106 144 2170 Et
168 2105 286 2190 qualis,
308 2128 375 2170 non
397 2106 481 2169 unde
495 2111 603 2170 satus.
641 2103 708 2169 sub
731 2109 814 2169 teste
838 2104 979 2191 benigno

99 2193 242 2280 Vivitur3
266 2195 413 2282 egregios
435 2195 575 2258 invitant
597 2194 740 2278 praemia
762 2215 876 2256 mores.
1063 2210 1115 2259 125

98 2283 184 2348 Hinc
206 2284 330 2367 priscae
353 2283 487 2347 redeunt
510 2287 609 2367 artes3
633 2282 782 2346 felicibus
805 2281 878 2345 inde

98 2371 243 2459 Ingeniis
266 2372 410 2455 aperitur
433 2371 494 2434 iter
518 2370 729 2454 despectaque
752 2369 865 2434 Musae

100 2460 192 2525 Colla
214 2460 323 2522 levant
347 2459 526 2543 opibusque
549 2460 652 2524 fluens
676 2463 709 2523 61
731 2481 853 2543 pauper
876 2458 988 2523 eodem

98 2548 227 2615 Nititur
250 2548 290 2611 ad
313 2547 453 2612 fructum
477 2549 598 2633 studio,
622 2569 694 2611 cum
718 2552 827 2612 cernat
850 2551 985 2630 uterque

99 2636 193 2714 Quod
214 2658 273 2700 nec
295 2636 390 2721 inops
412 2636 515 2701 iaceat
538 2637 684 2722 probitas
703 2659 762 2700 nec
780 2637 896 2701 inertia
916 2640 1029 2722 surgat
1061 2653 1115 2704 130

97 2726 239 2791 Divitiis.

280 2814 349 2880 Neo
372 2819 404 2878 te
428 2814 567 2879 iucunda
589 2815 696 2897 fronte
720 2814 837 2878 fefellit

99 2905 268 2989 Luxuries,
291 2903 461 2988 praedulce
484 2905 619 2989 malum,
643 2925 724 2986 quae
748 2902 855 2967 dedita
878 2924 1004 2986 semper

100 2992 253 3077 Corporis
276 2993 419 3057 arbitriis
442 2993 574 3057 hebetat
598 2992 734 3079 caligine
758 3013 870 3056 sensus

97 3081 307 3166 Membraque
332 3081 470 3146 Circaeis
494 3081 656 3146 effeminat
679 3082 784 3145 acrius
807 3081 930 3165 herbis,

97 3171 222 3236 Blanda
246 3170 375 3255 quidem
397 3171 521 3256 vultus,
545 3169 600 3234 sed
623 3192 686 3253 qua
708 3192 776 3234 non
798 3170 934 3234 taetrior
956 3168 1023 3233 ulla
1062 3185 1115 3236 135

97 3259 251 3324 interius:
275 3259 383 3324 fucata
406 3281 505 3345 genas
529 3263 560 3322 61
584 3259 701 3322 amicta
724 3258 845 3322 dolosis

96 3347 272 3414 Inlecebris
296 3353 407 3413 torvos
431 3370 509 3412 auro
533 3347 727 3412 circumlinit
750 3346 880 3430 hydros.

97 3437 159 3503 Illa
182 3437 387 3520 voluptatum
410 3437 531 3501 multos
553 3436 700 3500 innexuit
722 3436 840 3500 hamis:

93 3526 140 3589 Te
159 3548 340 3610 numquam
365 3530 480 3590 conata
503 3526 598 3610 capit.
634 3523 712 3590 Non
733 3547 832 3610 prava
854 3523 956 3588 libido
