2438 3832
444 169 611 226 CARMINA
630 169 785 227 GRAECA.
1058 170 1124 234 315

526 382 560 437 v.
580 382 702 452 (mv.)

485 512 555 586 Εἰς
577 511 618 575 τὸ
645 510 748 575 αὐτό.

108 633 187 697 Εῐπ’
214 632 272 714 άγε
302 622 373 718 μοι,Ι
402 634 599 720 κρύσταλλε,
632 635 719 721 λίθφ
749 630 1000 718 πεπυκασμένον
1029 634 1121 720 ὕδωρ

241 726 291 798 τίς
313 721 414 806 πῆξεν
437 719 576 808 Βορέης;
599 721 620 806 ῆ
643 726 693 799 τίς
716 725 811 787 ἔλυσε
833 726 957 800 Νότος;

520 914 567 970 VI.
587 912 705 984 (xcw.)

441 1044 512 1118 Εἰς
534 1042 603 1105 τὸν
626 1049 787 1127 σωτῆρα.

167 1158 206 1229 Ὦ
229 1167 334 1251 πυρὸς
357 1165 489 1230 άενάοιο
504 1166 622 1250 ’σοφῆν
645 1165 751 1231 ὠδῖνα
775 1166 956 1250 φυλάσσων

43 1270 45 1274 “
107 1253 273 1338 ε’μβεβαὼς
294 1256 430 1338 κύσμοιο
453 1255 692 1337 παλινδίνητον
715 1252 864 1338 ἀνάγκην

106 1339 226 1429 Χριστέ
249 1343 446 1429 θεορρῆτοιο
468 1345 546 1426 βίον
570 1346 705 1428 φυσίζοε
730 1345 819 1427 πηγή

105 1433 229 1518 πατρὸς
252 1431 454 1516 ἀσημάντοιο
476 1437 561 1497 θεοῦ
584 1434 799 1518 πρωτόσπορε
823 1434 933 1517 φωνή,

107 1519 144 1597 ὃς
166 1522 246 1606 μετὰ
269 1520 432 1609 μητρῴων
454 1531 596 1586 τοκετῶν
619 1520 784 1605 ἐγκύμονα
808 1523 935 1607 φόρτον
1104 1538 1121 1587 ο
1207 1541 1210 1548 ‘

105 1608 161 1674 καὶ
183 1612 286 1692 γόνον
309 1608 544 1676 αὐτοτέλεστον
567 1609 789 1695 άνυμφεύτων
811 1609 980 1695 ὑμεναίων

109 1698 231 1780 στήσας
250 1696 426 1783 Ἀσσυρίης
448 1707 562 1782 γενεῆς
585 1695 788 1784 έτερύφρονα
811 1699 938 1764 λύσσαν

107 1788 204 1872 ὄργια
228 1783 260 1849 δ’
281 1786 429 1851 εἰδώλων
452 1797 574 1852 κενεῶν
596 1787 800 1872 ῆενθώννμα
823 1788 926 1864 λύσας

106 1873 243 1961 αἰθέρος
266 1872 494 1959 ἀμφιβέβηκας
517 1873 570 1960 ἐφ’
591 1872 778 1952 έπτάζωνον
800 1874 882 1959 ὀχῆα

106 1963 294 2047 ἀγγελικαῖς
315 1964 533 2049 πτερύγεσσιν
556 1961 593 2029 ε’ν
615 1962 787 2049 ἀρρήτοισι
810 1963 985 2030 θαάσσων·
1087 1980 1120 2029 10

106 2053 201 2117 ἵλαθι
224 2050 426 2135 παγγενέταο
449 2057 532 2117 θεοῦ
555 2053 736 2137 πρεσβῆιον
759 2054 861 2138 ὄμμα,

106 2138 234 2227 φρουρὲ
256 2144 348 2225 βίον,
373 2151 475 2227 σῶτερ
499 2143 667 2227 μερόπων,
691 2142 812 2218 αἰῶνος
835 2140 1004 2206 άνάσσωνι

506 2332 566 2388 vn.
585 2331 719 2403 (κατα.)

455 2461 526 2536 Εἰς
548 2461 616 2524 τὸν
640 2460 768 2525 αὐτόν.

167 2580 363 2669 Ἀρτιφανές
385 2588 541 2668 πολιοῦχε
563 2580 757 2667 παλαιγενές
778 2581 831 2673 υἱὲ
853 2583 972 2666 νεογνέ

105 2669 178 2738 αἰὲν
201 2673 265 2739 ἐῶν
287 2673 418 2759 προεάν
441 2697 475 2738 τε
497 2670 657 2759 ὑπέρτατε
679 2672 799 2739 ύστατε
821 2671 944 2756 Χριστέ

106 2760 289 2827 ἀθανάτοιο
312 2764 435 2845 πατρός
457 2785 491 2827 τε
514 2761 688 2847 ὁμόχρονε,
711 2762 848 2846 πάμπαν
870 2761 971 2845 ὁμοῦε.

176 2951 250 3006 V15
270 2950 351 3023 μετὰ]
373 2954 532 3022 [σσούεύιιες
550 2949 629 3022 μέγα.
