2438 3832
101 172 302 227 clamavit
320 172 497 228 MINORVM
516 171 788 242 CORPVSCVLVM,
808 191 831 229 c.
846 173 1024 254 XLI-XLV.
1051 172 1116 237 253

489 387 583 440 mur.
605 385 736 456 (cxxv.)

469 520 514 578 IN
537 519 753 579 OVRETIVM.

103 638 249 703 Fallaces
272 639 375 703 vitreo
400 638 511 702 stellas
535 660 724 723 componere
747 637 867 701 mundo
975 708 978 720 Δ

149 727 193 791 Et
217 750 299 813 vaga
322 727 454 792 Saturni
477 727 582 791 sidera
608 750 702 811 saepe
726 726 816 810 queri

105 816 350 899 Venturumque
373 815 483 880 Iovem
505 816 616 901 paucis
639 816 828 900 promittere
850 814 991 879 nummis

152 905 261 970 Cureti
284 905 413 991 genitor
434 908 568 970 noverat
591 906 741 970 Vranius.

104 995 141 1058 ln
163 995 287 1079 prolem
311 994 410 1058 dilata
432 999 531 1058 ruunt
553 995 694 1077 periuria
716 993 819 1078 patris

149 1083 195 1147 Et
217 1106 354 1167 poenam
376 1083 492 1147 merito
516 1083 603 1147 filius
627 1105 681 1146 ore
704 1082 774 1146 luit.

105 1171 191 1237 Nam
215 1194 347 1256 spurcos
371 1172 481 1236 avidae
504 1171 619 1235 lambit
642 1171 819 1235 meretricis
842 1169 950 1234 hiatus

153 1259 350 1325 Consumens
373 1261 452 1324 luxu
475 1260 673 1346 flagitiisque
697 1260 827 1324 domum

106 1350 164 1434 Et,
188 1372 267 1433 quas
290 1349 416 1413 fallacis
440 1349 571 1435 collegit
594 1349 706 1436 lingua
728 1347 884 1433 parentia,

151 1439 220 1502 Has
244 1438 353 1502 eadem
375 1439 444 1502 nati
468 1438 579 1525 lingua
602 1437 744 1502 refamdit
768 1459 853 1521 opes.
1016 1492 1017 1495 ,
1087 1455 1121 1501 10

486 1666 579 1721 xnrv.
600 1666 743 1735 (umor.)

376 1799 421 1856 ΙΝ
444 1800 616 1857 EVNDEM
639 1798 852 1858 OVRETIVM.

109 1915 145 1980 Si
167 1920 237 2000 tua,
261 1915 384 2001 Cureti,
407 1917 536 2000 penitus
560 1938 752 2004 cognoscere
776 1916 904 2000 quaeris

155 2003 277 2091 Sidera,
300 2010 391 2090 patre
413 2009 471 2069 tuo
495 2005 612 2070 certius
635 2006 704 2088 ipse
727 2006 849 2088 loquar.

109 2092 203 2169 Quod
225 2094 319 2178 furis,
343 2094 468 2159 adversi
493 2094 578 2158 dedit
601 2094 807 2158 inclementia
829 2093 958 2176 Martis,

155 2181 247 2258 Quod
269 2184 382 2266 procul
405 2206 423 2246 a
446 2182 562 2268 MusiS,
587 2182 701 2247 debilis
724 2182 825 2247 Arcas
849 2187 930 2266 erat3

110 2270 204 2347 Quod
226 2276 353 2355 turpem
376 2271 496 2355 pateris
518 2272 584 2336 iarn
607 2293 686 2335 cano
709 2272 821 2355 podice
844 2270 1006 2356 morbum,
1106 2289 1121 2336 5

155 2360 315 2424 Femineis
339 2361 441 2446 signis
463 2361 554 2425 Luna
577 2360 751 2444 Venusque
774 2360 852 2445 suit,

110 2448 248 2513 Attrivit
272 2448 430 2514 Saturnus
454 2471 539 2533 opes.
576 2449 648 2514 Hoc
670 2471 803 2534 prorsus
826 2449 861 2514 in
882 2471 947 2514 uno

155 2537 293 2602 Haereo:
318 2560 399 2622 quae
423 2561 562 2603 cunnum
584 2538 725 2602 lambere
750 2561 845 2603 causa
868 2539 967 2604 facit?

527 2766 608 2822 xcv.
629 2765 707 2835 (au.)

493 2899 546 2956 DE
571 2896 741 2957 conoul.

113 3014 298 3077 Transferat
321 3014 385 3078 hue
407 3014 548 3098 liquidos
570 3016 677 3079 fontes
699 3015 869 3079 Heliconia
891 3014 972 3081 Nais

157 3103 201 3166 Et
224 3104 336 3186 patulo
360 3103 498 3168 conchae
522 3103 632 3168 divitis
656 3103 733 3168 orbe
756 3105 843 3168 fluat.

113 3191 261 3274 Namque
285 3192 371 3256 latex
395 3192 507 3257 doctae
531 3193 586 3276 qui
609 3192 724 3256 laverit
748 3214 804 3256 ora
828 3191 977 3278 Serenae,

158 3281 252 3344 Vltra
275 3281 434 3367 Pegaseas
456 3303 576 3346 numen
597 3281 730 3347 habebit
753 3303 862 3365 aquas.
