2438 3832
256 163 381 219 sanias
400 163 598 219 CARMINUM
616 163 725 220 HUIUS
744 157 939 224 EDITIONIS.
1044 165 1108 228 317

96 344 119 381 c.
138 343 174 380 m.
194 325 245 379 VI:
265 323 392 378 Rimanti
409 325 499 379 telum
512 324 557 378 ira
574 323 651 379 facit.
690 367 874 381 ......
971 324 1112 379 LXXVIII

97 416 119 453 c.
139 414 175 450 m.
195 394 260 449 Vll:
278 395 321 449 De
339 394 478 465 quadriga
496 411 654 450 marmorea
690 439 876 453 ......
958 395 1112 450 LXXXVII

96 486 120 523 c.
139 485 175 520 m.
194 465 272 521 VIII:
291 465 333 520 De
351 465 498 534 Polycaste
518 469 547 521 et
564 465 699 522 Perdicca
725 508 875 524 .....
1023 465 1112 520 LXIX

97 557 119 594 c.
139 557 176 592 m.
196 537 247 592 IX:
267 536 308 591 De
328 537 451 607 hystrice
473 579 872 595 ............
1037 537 1112 592 XLV

96 628 120 666 c.
140 627 176 663 m.
196 609 234 663 X:
253 607 294 663 De
312 607 389 663 birro
409 609 535 671 castoreo
546 651 874 665 ..........
1036 605 1111 662 XCII

98 699 120 736 c.
140 698 177 734 m.
195 679 245 733 XI:
265 679 299 732 In
317 678 496 748 sepulchrum
515 678 660 749 speciosae
689 722 875 736 ......
1051 678 1111 732 XCI

97 770 120 806 c.
139 770 176 805 m.
195 750 259 804 XII:
278 750 320 805 De
338 749 451 804 balneis
470 749 630 816 Quintianis
654 793 875 807 .......
970 749 1112 804 LXXXIV

98 841 121 878 c.
139 840 176 876 m.
195 821 272 875 XIII:
292 823 325 876 ln
342 821 500 890 podagrum
510 864 875 880 ...........
997 820 1112 874 LXXIX

98 912 121 950 c.
141 912 176 947 m.
196 892 274 948 XIV:
294 892 337 946 hd
356 891 511 946 Maximum
546 934 874 950 ..........
986 890 1112 945 LXXXII

98 982 121 1020 c.
140 982 178 1017 m.
197 962 262 1017 XV:
280 962 323 1017 De
342 979 466 1033 paupere
485 965 599 1019 amante
619 1006 875 1020 ........
973 962 1114 1018 LXXXIX

99 1052 121 1090 c.
140 1053 177 1088 m.
198 1034 274 1089 XVI:
293 1034 336 1088 De
355 1035 455 1089 eodem
473 1077 874 1091 ............
1064 1031 1113 1087 XC

98 1124 121 1162 0.
140 1123 176 1160 m.
195 1104 286 1158 XVII:
304 1105 347 1159 De
364 1104 420 1175 piis
439 1105 575 1160 fratribus
582 1147 874 1163 .........
1089 1103 1112 1156 L

98 1195 120 1233 c.
140 1194 176 1231 m.
195 1175 299 1230 XVIII:
317 1175 360 1230 De
378 1177 510 1231 mulabus
530 1175 647 1232 Gallicis
687 1218 872 1232 ......
1074 1174 1113 1228 LI

98 1267 120 1303 c.
140 1266 176 1302 m.
196 1246 273 1299 XIX:
291 1246 336 1299 Ad
355 1246 531 1302 Gennadium
546 1290 872 1306 ..........
1022 1243 1114 1299 XLIII

99 1337 122 1374 c.
141 1336 177 1372 m.
197 1317 261 1371 XX:
280 1317 321 1372 De
341 1333 407 1372 sene
426 1318 581 1374 Veronensi
617 1359 873 1375 ........
1063 1315 1113 1369 LII

99 1408 122 1445 c⁴
141 1407 177 1444 m.
196 1389 272 1443 XXI:
292 1388 334 1443 De
352 1388 500 1445 Theodoro
519 1391 549 1444 ct
566 1388 711 1444 Hadriano
727 1432 874 1444 .....
1013 1385 1114 1441 LXXX

100 1478 123 1516 c.
142 1478 179 1515 m.
197 1459 289 1514 XXII:
307 1459 477 1530 Deprecatio
497 1461 533 1515 ad
550 1460 727 1516 Hadrianum
763 1505 769 1517 .
798 1503 804 1515 .
834 1503 839 1513 .
870 1504 875 1515 .
996 1457 1114 1513 XXXIX

100 1550 123 1587 c.
142 1549 179 1586 m.
198 1530 303 1585 XXIII:
321 1532 490 1601 Deprecati⁰
509 1532 539 1587 in
556 1531 702 1588 Alethium
725 1573 874 1587 .....
999 1527 1114 1583 LXXIV

100 1620 122 1659 c.
141 1620 178 1657 111⁴
197 1601 300 1657 XXIV:
319 1602 360 1657 De
378 1601 494 1658 locusta
512 1645 876 1661 ...........
975 1599 1115 1654 LXXXIII

100 1691 123 1728 c.
143 1690 179 1725 m.
198 1672 289 1726 XXV:
308 1673 532 1741 Epithalamium
551 1673 674 1730 Palladii
692 1716 877 1730 ......
919 1672 1004 1728 XXX.
1024 1670 1115 1725 XXXI

102 1762 124 1799 c.
144 1761 180 1796 m.
200 1741 304 1796 XXVI:
323 1743 348 1795 A
370 1761 438 1798 onus
442 1784 875 1805 .............
1028 1741 1116 1794 XLIX

102 1833 126 1870 c.
145 1832 181 1869 m.
200 1812 318 1868 XXVII:
360 1813 464 1868 hoenir
478 1856 877 1872 ............
1027 1810 1116 1865 XLIV

103 1903 125 1942 c.
145 1904 181 1939 m.
200 1882 329 1939 XXVIII:
349 1883 432 1938 Nilus
445 1925 879 1942 .............
1015 1881 1115 1936 XLVII

101 1974 125 2013 c.
144 1974 180 2011 m.
199 1955 303 2009 XXIX:
322 1955 439 2025 Magnes
479 1997 878 2013 ............
1001 1952 1118 2008 XLVIII

102 2045 125 2083 e.
144 2045 181 2080 m.
201 2026 291 2080 XXX:
311 2026 384 2080 Laus
404 2026 524 2082 Serenae
549 2068 877 2084 ..........
1025 2023 1117 2078 XXIX

102 2116 125 2155 c.
143 2115 181 2152 m.
200 2097 303 2152 XXXI:
323 2097 455 2166 Epistula
472 2098 510 2154 ad
529 2097 661 2154 Serenam
692 2139 712 2154 ..
723 2139 878 2154 .....
1067 2094 1115 2149 XL

102 2187 124 2225 c.
144 2186 180 2224 m.
199 2168 315 2224 XXXII:
334 2168 376 2223 De
396 2168 541 2223 Salvatore
555 2210 878 2227 ..........
1041 2165 1116 2220 XCV

55 2293 64 2308 ,
102 2257 124 2296 c.
144 2257 180 2293 m.
200 2239 491 2294 XXXIII-XXXIX:
510 2239 552 2294 De
571 2238 704 2309 crystallo
729 2280 877 2294 .....
936 2236 1117 2292 LVI-LXII

101 2328 124 2366 c.
144 2328 180 2365 m.
199 2309 260 2364 XL:
279 2309 411 2379 Epistula
429 2312 466 2366 ad
486 2310 632 2379 Olybrium
656 2351 876 2368 .......
1054 2307 1118 2363 XLI

102 2399 125 2437 c.
145 2398 180 2435 m.
200 2381 275 2435 XLI:
294 2381 340 2434 Ad
357 2380 512 2436 Probinum
550 2423 877 2439 ..........
1041 2378 1117 2434 XLII

102 2470 126 2509 c.
144 2469 181 2507 m.
200 2450 288 2506 XLII:
307 2451 349 2506 De
368 2467 437 2521 apro
456 2455 486 2507 et
503 2453 584 2507 leone
621 2493 878 2510 ........
1054 2449 1117 2505 LIII

103 2541 125 2580 c,
145 2541 182 2577 m.
201 2521 301 2576 XLIII:
321 2523 353 2576 ln
371 2521 515 2579 Curetium
551 2564 808 2580 ........
832 2545 843 2578 ·.
873 2567 879 2581 .
1017 2520 1118 2577 LXXV

103 2612 126 2652 c.
146 2612 181 2649 m.
201 2593 300 2649 XLIV:
318 2595 352 2648 In
370 2595 491 2649 eundem
510 2593 653 2650 Curetium
694 2636 878 2651 ......
1003 2591 1118 2649 LXXVI

102 2683 126 2723 c.
145 2683 181 2720 m.
201 2664 288 2721 XLV:
307 2666 349 2720 De
368 2667 476 2722 concha
515 2708 877 2724 ...........
1068 2665 1117 2719 LV

103 2753 126 2792 c.
145 2753 181 2791 m.
201 2735 300 2790 XLVI:
318 2735 361 2789 De
379 2737 528 2807 chlamyde
547 2739 576 2792 et
594 2736 681 2792 frenis
696 2779 880 2794 ......
1016 2733 1118 2790 LXXII

104 2824 127 2860 c.
146 2824 182 2861 m.
201 2805 314 2862 XLVII:
333 2806 374 2862 De
394 2823 465 2876 equo
485 2808 558 2863 dono
578 2807 646 2864 dato
659 2847 879 2864 .......
1004 2803 1118 2861 LXXIII

104 2894 127 2932 c.
146 2893 182 2929 m.
201 2876 328 2930 XLVIII:
347 2876 389 2931 De
408 2894 479 2934 aona
496 2878 562 2947 equi
580 2876 653 2947 regii
694 2920 879 2934 ......
1043 2875 1119 2932 LXX

104 2965 128 3004 c.
146 2964 183 3002 m.
202 2947 303 3001 XLIX:
322 2945 364 3001 De
382 2948 530 3018 torpedine
552 2990 880 3006 ..........
1029 2948 1119 3003 XLVI

105 3036 127 3074 o.
146 3035 184 3071 m.
203 3016 238 3071 L:
261 3017 295 3072 In
311 3017 445 3073 Iacobum
481 3059 880 3077 ............
991 3016 1119 3074 LXXVII

104 3106 128 3146 c.
147 3107 184 3142 m.
203 3087 251 3143 LI:
271 3091 303 3143 ln
323 3106 336 3142 s
356 3088 472 3144 haeram
490 3088 668 3144 Archimedis
695 3130 881 3147 ......
1004 3089 1119 3143 LXVIII

105 3177 127 3215 c.
146 3177 182 3214 m.
201 3158 262 3213 LII:
281 3158 323 3212 De
336 3105 450 3214 Lanario
480 3202 882 3218 ............
950 3159 1119 3214 LXXXVIII

106 3248 129 3286 c.
148 3247 184 3285 m.
204 3227 277 3282 LIII:
297 3228 534 3298 Gigantomachia
554 3272 882 3288 ..........
989 3231 1119 3286 XXXVII

104 3301 146 3354 De
165 3302 249 3369 raptu
268 3300 451 3369 Proserpinae
470 3302 483 3355 I
501 3301 589 3372 praef.
624 3343 881 3359 ........
1016 3302 1120 3356 XXXII

104 3371 145 3425 De
164 3372 249 3440 raptu
267 3370 452 3441 Proserpinae
472 3371 486 3424 I
517 3412 883 3430 ...........
1001 3372 1120 3427 XXXIII

104 3442 145 3497 De
164 3444 249 3511 raptu
267 3441 452 3512 Proserpinae
470 3443 497 3497 H
515 3443 601 3514 praef.
626 3484 882 3500 ........
1004 3443 1121 3499 XXXIV

105 3513 147 3568 Dc
165 3514 249 3582 raptu
268 3513 453 3584 Proserpinae
471 3513 498 3568 II
518 3554 882 3573 ...........
1016 3514 1121 3568 XXXV
