2438 3832
120 138 165 204 20
447 134 592 191 CLAVDII
611 135 810 192 CLAVDIANI
832 171 834 174 <

122 299 261 364 Distulit
284 298 443 363 instantes
467 299 557 363 eluso
580 298 724 383 principe
747 320 874 386 pugnas
1086 317 1142 368 330

122 387 294 452 Hunorum
316 388 443 452 laturus
467 409 574 473 opem,
597 409 678 471 quos
702 388 811 452 adfore
834 388 921 452 bello

124 475 230 550 Norat
254 480 285 540 et
309 476 422 541 invisis
445 498 521 540 mcx
545 498 579 541 se
603 475 796 563 coniungere
819 476 943 541 castris.

188 565 251 629 Est
274 587 376 651 genus
399 570 561 630 extremos
585 564 736 647 Scythiae
759 565 922 652 vergentis
945 565 980 629 in
1003 570 1094 630 ortus

123 653 227 720 Trans
250 653 393 740 gelidum
416 653 557 739 Tanain,
581 675 645 736 quo
668 676 736 718 non
757 653 914 718 famosius
937 654 1041 718 ullum

120 741 240 807 Arctos
264 742 330 806 alit.
377 743 500 826 Turpes
524 742 656 805 habitus
680 742 902 825 obscaenaque
924 742 996 807 visu
1086 761 1140 810 325

124 830 281 916 Corpora3
303 853 394 895 mens
418 830 498 895 duro
521 852 698 915 numquam
721 852 850 895 cessura
873 831 992 916 labori,

121 919 245 983 Praeda
269 919 373 1004 cibus,
396 918 527 984 vitanda
552 918 647 984 Ceres
670 919 874 1002 frontemque
897 920 998 984 secari

120 1007 230 1071 Ludus
255 1011 286 1071 et
311 1007 434 1072 occisos
456 1008 628 1091 pulchrum
650 1007 756 1071 iurare
778 1012 938 1092 parentes.

120 1094 190 1161 Nec
211 1096 286 1180 plus
309 1095 489 1183 nubigenas
513 1096 631 1180 duplex
653 1100 770 1161 natura
793 1096 948 1161 biformes

123 1183 279 1272 Cognatis
303 1185 427 1268 aptavit
450 1186 555 1270 equis3
579 1184 733 1249 acerrima
755 1184 847 1248 nullo
1085 1203 1139 1253 330

121 1271 240 1337 Ordine
262 1273 428 1337 mobilitas
451 1273 672 1357 insperatique
694 1293 851 1337 recursus.

188 1360 276 1437 Quos
299 1365 408 1426 tamen
430 1361 611 1445 impavidus
635 1365 748 1426 contra
771 1361 952 1446 spumantis
976 1361 1017 1425 ad
1034 1361 1139 1428 Hebri

120 1449 238 1513 Tendis
261 1472 376 1535 aquas,
399 1451 445 1515 sio
468 1454 543 1515 ante
565 1450 662 1515 tubas
686 1450 850 1534 aciemque
871 1454 1035 1534 precatus:

120 1536 280 1624 ‘Mavors,
302 1539 452 1603 nubifero
477 1561 533 1603 seu
556 1543 594 1603 tu
616 1538 803 1622 procumbis
825 1538 861 1604 in
882 1537 1007 1604 Haemo

119 1624 183 1692 Seu
206 1631 239 1690 13
263 1649 347 1691 cana.
365 1629 440 1713 gelu
462 1627 620 1711 Rhodope
643 1649 699 1691 seu
723 1627 844 1714 remige
866 1627 961 1693 Medo
1085 1647 1137 1695 333

120 1713 322 1779 Sollicitatus
345 1715 452 1780 Athos
476 1739 533 1780 seu
557 1716 731 1803 caligantia
752 1715 855 1802 nigris

117 1801 252 1867 Ilicibus
274 1803 425 1891 Pangaea
447 1808 572 1890 tenent,
596 1805 761 1891 accingere
783 1826 909 1869 mecum

117 1891 163 1956 Et
186 1891 328 1956 Thracas
352 1892 483 1957 defende
506 1897 590 1957 tuos.
637 1892 672 1958 Si
694 1893 810 1957 laetior
833 1892 917 1956 adsit

120 1979 246 2065 Gloria,
269 1981 388 2045 vestita
412 1981 525 2065 spoliis
550 1981 710 2046 donabere
734 1980 877 2065 quercu'.

185 2067 299 2132 Audiit
321 2069 379 2133 1113
401 2073 494 2154 pater
517 2071 722 2154 scopulisque
744 2069 907 2133 nivalibus
929 2067 1046 2134 Haemi
1084 2088 1136 2138 340

119 2154 231 2242 Surgit
255 2161 287 2221 31
310 2158 461 2223 hortatur
484 2161 602 2224 celeres
625 2160 764 2223 clamore
787 2157 967 2222 ministros:

120 2242 198 2310 ‘Fer
220 2246 360 2334 galeam,
383 2248 532 2333 Bellona,
555 2247 636 2312 mihi
658 2268 824 2329 nexusque
847 2249 992 2310 rotarum

117 2332 239 2419 Tende,
261 2334 375 2399 Pavor.
421 2334 539 2399 Freuet
562 2335 692 2420 rapidos
713 2333 866 2399 Formido
889 2334 1023 2421 iugales.

117 2419 267 2486 Festinas
290 2427 403 2509 urgete
426 2446 549 2489 manus.
595 2424 688 2488 Meus
711 2444 782 2487 3333
805 2426 939 2505 paratur

116 2508 171 2573 Ad
193 2509 315 2574 bellum
339 2511 490 2597 Stilicho,
514 2513 570 2596 qui
592 2534 643 2577 me
667 2512 704 2575 de
728 2533 817 2575 more
840 2511 982 2595 tropaeis
1082 2532 1135 2581 343

117 2597 211 2662 Ditat
234 2602 266 2663 et
289 2598 426 2664 hostiles
450 2601 617 2684 suspendit
640 2601 675 2665 in
698 2600 813 2664 arbore
837 2599 959 2665 cristas.
1091 2632 1096 2639 ·

118 2684 311 2752 Communes
335 2711 461 2773 semper
483 2689 570 2775 litui,
594 2688 776 2753 communia
798 2688 905 2752 nobis'

118 2773 219 2862 Signa
242 2781 361 2841 canunt
384 2778 559 2863 iunctoque
583 2799 701 2861 sequor
723 2776 865 2841 tentoria
888 2777 1008 2842 curru'.

118 2861 172 2928 Sic
195 2864 282 2929 fatus
307 2888 419 2950 campo
443 2867 569 2931 insiluit
592 2867 721 2950 lateque
745 2866 874 2952 fugatas

115 2949 202 3016 Hinc
226 2952 362 3018 Stilicho
386 2959 523 3041 turmas,
546 2955 636 3019 111133
660 2954 819 3020 Gradivus
843 2953 960 3040 agebat
1081 2972 1134 3021 330

116 3039 161 3104 Ht
185 3041 296 3125 clipeis
320 3047 351 3106 et
374 3044 460 3109 mole
482 3066 589 3130 pares3
613 3048 680 3108 stat
703 3042 803 3107 cassis
825 3041 954 3125 utrique

116 3127 255 3194 Sidereis
279 3130 405 3196 hirsuta
428 3132 513 3196 iubis
536 3133 700 3217 loricaque
724 3153 820 3196 cursu

115 3216 254 3283 Aestuat
278 3224 309 3283 et
333 3221 424 3307 largo
449 3225 614 3285 saturatur
636 3221 769 3287 vulnere
792 3241 918 3283 cornus.

181 3306 299 3372 Acrior
321 3309 443 3374 interea
465 3313 543 3374 voto
566 3311 744 3393 multisque
766 3308 917 3394 Megaera

115 3394 294 3462 Luxuriata
316 3399 411 3462 malis
435 3403 591 3463 maestam
615 3396 782 3483 deprendit
805 3396 840 3459 in
863 3416 934 3479 arce
1079 3414 1132 3463 333

114 3482 278 3551 ¹‘ustitiam
302 3486 435 3571 diroque
456 3487 547 3571 prior
569 3487 615 3552 sio
639 3509 693 3552 ore
716 3485 859 3550 lacessit:
