2438 3832
85 158 129 222 50
350 139 352 142 ’
408 157 774 214 011101101111111111

85 319 156 384 Rex
179 320 268 386 ducit
291 343 452 407 superum,
474 322 633 406 premitur
653 343 713 386 nec
736 322 871 409 signifer
893 325 961 389 ullo

82 407 241 475 Pondere:
264 410 420 475 festinant
443 411 522 475 adeo
545 410 664 474 vexilla
686 412 816 476 moveri.
1047 432 1103 483 410

81 496 222 563 Nervius
244 499 426 584 insequitur
448 501 646 584 meritusque
668 500 826 564 vocabula
848 499 940 565 Felix

81 586 241 672 Dictaque
264 589 305 652 ab
328 586 480 675 Augusto
503 588 589 675 legio
612 610 793 672 nomenque
814 590 990 674 probantes

80 673 198 740 Invicti
221 676 388 762 clipeoque
411 678 548 742 animosi
570 681 654 742 teste
675 677 808 742 Leones.

146 764 252 829 Dictis
275 771 349 831 ante
372 771 480 831 tamen
502 766 651 850 princeps
675 767 845 831 confirmat
867 768 971 833 ituros

17 852 21 859 '
80 850 209 940 Aggere
233 855 438 940 conspicuus3
462 858 528 919 stat
551 855 744 919 circumfusa
767 855 917 921 iuventus
1043 877 1097 926 425

79 940 166 1007 Nixa
189 942 293 1007 hastis
316 965 499 1027 pronasque
522 943 613 1008 ferox
636 944 857 1009 accommodat
880 966 986 1011 aures:

145 1029 333 1096 ‘Gildonem
357 1032 518 1097 domitura
539 1053 664 1117 manus,
685 1033 846 1116 promissa
868 1035 1037 1119 minasque

76 1118 217 1204 Tempus
240 1122 302 1208 agi.
349 1119 384 1187 Si
408 1121 485 1205 quid
506 1143 566 1206 pro
589 1142 640 1186 me
664 1121 824 1207 doluistis,
846 1123 882 1186 in
904 1124 1003 1190 armis

76 1205 244 1274 Ostentate
266 1209 359 1296 mihi3
381 1210 469 1275 iusto
492 1231 674 1296 magnoque
697 1210 863 1294 triumpho

76 1295 194 1361 Civiles
218 1298 345 1363 abolete
366 1303 476 1383 notas3
499 1299 580 1363 sciat
604 1298 692 1362 orbis
715 1298 806 1363 Eous
1037 1319 1092 1370 430

75 1384 188 1469 Sitque
210 1387 318 1470 palam
342 1385 454 1452 Gallos
478 1407 583 1472 causa,
608 1408 675 1451 non
697 1387 813 1452 robore
836 1388 929 1453 vinci.

72 1472 142 1540 Nec
164 1497 232 1562 vos,
254 1475 437 1540 barbariem
460 1476 607 1558 quamvis
631 1475 798 1562 collegerit
821 1498 958 1564 omnem,

72 1561 211 1628 Terreat.
247 1562 302 1628 An
323 1563 429 1628 Mauri
451 1564 617 1629 fremitum
639 1585 818 1647 raucosque
840 1567 990 1649 repulsus

70 1650 258 1716 Vmbonum
282 1656 314 1717 et
336 1656 463 1717 vestros
486 1653 614 1737 passuri
637 1654 816 1718 comminus
839 1655 954 1720 enses?

69 1738 147 1805 Non
170 1745 282 1806 contra
306 1741 417 1826 clipeis
439 1746 543 1806 tectos
566 1741 747 1828 gladiisque
770 1743 925 1807 micantes
965 1747 971 1765 ¹
1034 1763 1090 1813 430

68 1826 178 1894 Ibitis:
201 1830 236 1894 in
259 1830 338 1895 solis
360 1830 458 1916 longe
481 1829 598 1894 fiducia
620 1830 703 1895 10110.

68 1917 264 1984 Exarmatus
288 1919 359 2005 erit,
382 1940 454 1983 cum
477 1919 600 1983 missile
622 1919 764 2004 torserit,
786 1919 900 1984 hostis.

68 2006 190 2071 Dextra
213 2011 322 2073 movet
344 2007 495 2093 iaculum,
517 2011 700 2092 praetentat
722 2007 823 2092 pallia
846 2007 949 2095 laeva3

68 2095 181 2161 Cetera
203 2097 309 2161 nudus
333 2118 438 2181 eques.
485 2095 621 2181 Sonipes
644 2097 777 2183 ignarus
800 2095 959 2183 habenae3

65 2185 169 2272 Virga
191 2187 283 2273 regit.
329 2185 407 2251 Non
428 2184 497 2250 ulla
519 2185 608 2272 fides,
630 2206 698 2249 non
720 2185 860 2271 agminis
883 2186 975 2252 ordo:
1028 2205 1085 2255 440

63 2272 165 2339 Α11110
188 2275 287 2360 oneri,
309 2274 388 2361 fuga
410 2273 579 2358 praesidio.
626 2272 773 2338 Conubia
795 2273 897 2359 mille3

63 2361 141 2428 Non
162 2363 229 2427 illis
252 2363 379 2449 generis
401 2384 513 2448 nexus,
535 2384 602 2427 non
624 2363 763 2448 pignora
786 2383 892 2427 curae:

64 2449 127 2515 Sed
148 2472 282 2515 numero
305 2450 438 2537 languet
461 2451 573 2534 pietas.
618 2450 708 2516 Haec
731 2451 823 2534 copia
845 2451 943 2537 vulgi.

61 2537 241 2603 Vmbratus
265 2539 330 2603 dux
352 2540 421 2624 ipse
445 2540 528 2604 rosis
552 2545 584 2604 et
607 2539 767 2603 marcidus
789 2539 852 2604 ibit

59 2626 245 2715 Vnguentis
269 2628 448 2712 crudusque
473 2629 545 2693 cibo
567 2629 778 2711 titubansque
800 2627 917 2715 Lyaeo,
1025 2647 1079 2699 440

62 2715 235 2782 Confectus
259 2719 358 2804 sanic,
380 2717 503 2782 morbis
527 2717 712 2801 stuprisque
735 2717 871 2782 solutus.

59 2805 190 2871 Excitet
212 2807 354 2872 incestos
376 2807 526 2871 turmalis
549 2806 666 2870 bucina
690 2827 830 2892 somnos,

58 2892 214 2979 Imploret
237 2895 378 2960 citharas
401 2896 656 2980 cantatricesque
680 2894 812 2959 choreas

59 2982 208 3048 Offensus
231 2984 369 3049 stridore
391 2985 489 3050 tubae
513 2985 679 3068 discatque
702 2988 842 3069 coactus,

58 3071 145 3150 Quas
168 3074 283 3160 vigilat
306 3072 435 3160 Veneri,
458 3074 573 3138 castris
595 3074 778 3158 impendere
800 3077 920 3138 noctes.
1021 3092 1076 3143 400

124 3161 257 3228 ‘Nonne
279 3163 363 3228 mori
387 3163 504 3248 satius,
528 3164 613 3228 vitae
637 3183 734 3248 quam
757 3163 840 3226 ferre
862 3162 1042 3247 pudorem?

54 3248 140 3317 Nam
164 3273 246 3335 quae
268 3251 334 3316 iam
357 3252 446 3339 regio
470 3257 581 3338 restat,
607 3252 635 3316 si
658 3250 764 3316 dedita
787 3250 910 3316 Mauris

53 3339 200 3426 Regibus
222 3339 363 3425 Illyricis
386 3342 555 3406 accesserit
577 3339 689 3405 Africa
712 3340 859 3405 damnis?

53 3427 109 3493 Ius
131 3428 271 3517 Latium,
294 3429 382 3513 quod
403 3432 482 3494 tunc
504 3430 613 3495 Meroe
635 3429 812 3512 Rubroque
836 3429 962 3495 solebat

44 3516 179 3582 Oceano
201 3518 298 3606 cingi,
324 3517 492 3606 Tyrrhena
515 3519 676 3584 clauditur
697 3518 797 3606 unda3
1017 3537 1073 3587 400
