2438 3832
99 147 248 219 (XXXIV.)
266 147 315 200 DE
330 146 452 201 RAPTV
466 146 720 202 PROSERPINAE
735 146 862 203 PRAEF.
876 146 975 200 LIBRI
994 148 1028 201 Il.
1048 147 1110 210 271

97 309 147 373 Lu
171 310 268 374 ebant
292 314 401 394 erepta
425 311 487 374 sibi
511 310 631 374 solacia
652 309 837 394 Nymphae,

144 334 346 475 {merebant
371 400 479 463 dulces
502 399 635 462 flumine
658 402 781 461 maesta
803 397 925 462 medes.

99 487 200 552 Saeva
222 487 299 552 feris
322 492 439 552 nature
462 489 544 552 redit
568 491 777 569 metuensque
800 487 926 550 leonem
1096 501 1113 550 5

142 575 298 660 Implorat
322 577 464 641 citharae
486 599 583 641 vacca
605 575 742 640 tacentis
766 596 867 658 opem.

98 665 192 729 Illius
216 669 247 729 et
271 666 342 729 duri
365 667 481 729 flevere
505 665 634 729 silentia
656 668 783 728 mentes

143 753 295 838 Silvaque
317 754 501 818 Bistoniam
524 776 618 837 saepe
642 757 752 817 secuta
776 751 899 836 chelyn.

99 895 161 960 Sed
183 900 357 980 postquem
380 895 521 960 Inachiis
544 895 674 960 Alcides
697 896 816 959 missus
840 893 880 956 ab
903 891 1002 980 Argis

141 984 277 1048 Thracia
299 985 441 1068 pacifere
465 985 603 1071 contigit
627 1007 703 1048 arva
724 983 804 1068 pede

97 1074 241 1156 Diraque
264 1073 432 1160 sanguinei
455 1074 553 1137 vertit
575 1072 761 1157 praesaepia
784 1071 870 1158 regis

141 1161 186 1225 Et
208 1161 402 1225 Diomedeos
425 1161 570 1248 gramine
592 1161 681 1244 parit
705 1181 818 1244 eques,
975 1236 976 1240 Ἰ

98 1251 188 1314 Tunc
210 1250 334 1334 patriae
357 1250 441 1314 feste
465 1250 605 1313 laetatus
628 1253 772 1333 tempore
795 1251 886 1312 vates

142 1338 301 1403 Desuetae
324 1339 441 1423 repetit
464 1339 519 1401 fila
543 1360 659 1402 canera
682 1338 771 1421 lyrae

97 1428 142 1492 Et
165 1428 284 1492 resides
307 1428 371 1491 levi
394 1427 579 1492 modulatus
601 1427 728 1511 pectine
749 1447 866 1490 nervos

141 1517 264 1581 Pelliee
286 1517 404 1581 festive
427 1517 537 1581 nobile
560 1516 651 1580 duxit
675 1517 762 1580 ebur.

97 1605 162 1669 Vix
185 1606 315 1670 auditus
339 1610 420 1669 erat:
444 1606 532 1669 venti
554 1606 723 1669 frenantur
746 1609 777 1669 et
800 1603 918 1688 undae,

143 1694 272 1780 Pigrier
295 1694 459 1758 adstrictis
482 1693 608 1778 torpuit
630 1693 759 1757 Hebrus
783 1692 890 1776 aquia,

98 1783 247 1846 Perrexit
269 1782 426 1866 Rhodope
450 1783 596 1846 sitientes
620 1781 761 1846 carmina
784 1800 893 1864 rupes,

142 1870 296 1935 Excussit
319 1870 442 1956 gelidas
465 1871 598 1953 pronior
621 1870 703 1934 Ossa
724 1869 829 1956 nives3

98 1960 209 2023 Ardua
230 1958 352 2022 nudate
376 1957 539 2022 descendit
562 1958 702 2043 populus
724 1958 849 2023 Haemo

143 2048 187 2112 Et
211 2048 361 2111 comitem
385 2069 537 2131 quercum
560 2047 656 2130 pinus
679 2047 781 2111 amica
803 2046 919 2131 trahit,

100 2137 332 2219 Cirrhaeasque
355 2136 405 2199 dei
429 2135 575 2219 quamvis
599 2136 778 2220 despexerit
802 2138 902 2218 artes,

144 2224 281 2309 Orpheis
304 2225 415 2288 laurus
438 2224 574 2288 vecibus
598 2228 669 2288 acta
691 2224 788 2288 venit.

99 2314 253 2378 Securum
276 2313 387 2376 blandi
410 2314 553 2397 leporem
575 2313 684 2377 fovere
706 2312 840 2376 molossi

142 2402 358 2485 Vicinumque
380 2402 458 2485 lupe
480 2402 630 2486 praebuit
654 2423 737 2487 agna
761 2401 856 2466 latus

101 2491 281 2555 Concordes
304 2491 393 2555 varia
415 2491 532 2555 ludunt
556 2513 629 2555 cum
652 2489 769 2576 tigride
793 2491 951 2577 dammae3

142 2579 319 2663 Massylam
344 2579 428 2643 cervi
450 2602 517 2644 nen
539 2580 675 2644 timuere
697 2578 815 2645 iubam.

96 2721 157 2785 1111
180 2722 365 2787 novercales
389 2722 541 2786 stimules
561 2727 720 2807 'actusque
743 2722 878 2786 canebat

142 2809 292 2874 Herculis
316 2814 348 2873 et
371 2811 449 2874 ferti
472 2814 618 2875 monstra
642 2811 776 2875 subacta
799 2832 909 2886 manu,

100 2897 192 2974 Quod
215 2898 346 2962 timidae
369 2899 467 2962 matri
489 2920 619 2982 presses
643 2898 818 2963 ostenderit
842 2919 962 2983 angues

143 2985 390 3070 Intrepidusque
413 2987 482 3050 fere
505 2987 615 3051 riserit
638 3009 693 3051 ere
716 3007 808 3071 puer:

99 3075 156 3138 ‘Te
179 3096 283 3157 neque
305 3075 457 3139 Dictaeas
481 3076 629 3158 quatiens
652 3074 832 3161 mugitibus
855 3075 951 3139 urbes

144 3163 269 3226 Taurus
292 3185 351 3227 nec
374 3162 481 3250 Stygii
504 3164 620 3227 terruit
642 3164 691 3227 ira
715 3163 818 3248 canis,

98 3252 175 3316 Non
198 3251 248 3315 leo
274 3251 414 3316 sidereos
438 3252 517 3317 caeli
541 3252 703 3317 rediturus
727 3252 768 3316 ad
790 3273 879 3336 axes,

143 3340 220 3405 Non
242 3339 454 3423 Erymanthei
477 3340 582 3426 gloria
604 3341 726 3405 mentis
749 3363 833 3424 aper.

101 3430 209 3494 Solvis
232 3428 427 3493 Amazonios
451 3428 591 3514 cinctus,
614 3428 856 3514 Stymphalides
879 3452 955 3493 arcu

146 3519 296 3604 Adpetis,
321 3516 454 3582 occidue
477 3516 568 3581 ducis
592 3518 632 3582 ab
656 3519 734 3584 erbe
757 3540 874 3606 greges
