2438 3832
102 152 169 217 204
437 150 584 208 onium
602 149 802 207 cmvonru
907 114 910 122 ’

103 314 249 380 Scrutari
273 314 301 378 si
324 336 399 379 vern
422 314 517 401 velis,
539 315 608 379 fera
629 312 745 379 nuntia
766 311 882 377 Martis

103 402 167 468 Ora
190 404 250 467 sub
274 401 418 489 Augusti
441 425 589 468 casurum
611 401 754 488 prodidit
776 401 918 487 hostem,

101 492 212 576 thue
234 515 349 556 manus
372 496 466 557 utero
488 492 606 558 virides
629 496 762 576 patuere
785 495 922 576 retecto,
1069 509 1124 559 200

101 580 241 645 Romula
263 585 339 665 post
362 585 475 665 ruptas
496 581 601 646 virtus
625 580 671 644 sic
694 579 810 644 emicat
832 577 942 664 Alpes.

101 668 165 736 Sed
187 670 293 733 malus
316 668 474 754 interpres
497 691 605 734 rerum
627 674 734 733 metus
758 690 852 733 omne
874 668 1027 734 trahebat

101 756 285 844 Augurium
306 758 415 843 peiore
437 758 503 823 via:
526 761 739 842 truncataque
761 757 906 822 membra

100 845 333 930 Nutricemque
355 848 466 930 lupam
488 846 612 911 Romae
634 866 799 933 regnoque
821 845 947 910 minari.

101 934 192 998 Tunc
214 939 367 1020 reputant
391 956 493 999 annos
516 935 759 1019 interceptoque
781 934 893 999 volatu
1067 951 1122 1003 200

100 1022 251 1088 Vulturis
275 1023 421 1088 incidunt
444 1024 626 1108 properatis
649 1023 777 1088 saecula
799 1023 903 1087 metis.

169 1111 266 1178 Solus
290 1117 358 1177 erat
382 1111 533 1198 Stilicho,
557 1112 614 1197 qui
637 1112 883 1196 desperantibus
907 1133 1012 1198 augur

100 1199 280 1285 Sponderet
302 1202 438 1266 meliora
460 1224 572 1287 manu,
595 1200 774 1284 dubiaeque
797 1199 913 1265 salutis

99 1289 175 1354 Dux
198 1290 283 1354 idem
305 1295 459 1374 vatesque
483 1291 554 1355 fuit
591 1289 727 1354 ‘Durate
749 1288 934 1374 parumper'

99 1377 212 1461 Inquit
236 1379 280 1442 ‘et
303 1379 446 1442 excussis
469 1378 683 1443 muliebribus
707 1400 761 1442 ore
785 1377 939 1461 querellis
1065 1395 1121 1445 2¹10

99 1465 255 1531 Fatorum
278 1467 453 1532 toleremus
477 1490 567 1533 onus.
603 1466 663 1531 Nil
683 1465 814 1531 nautica
836 1470 975 1551 prosunt

99 1554 262 1619 Turbatae
285 1556 426 1621 lamenta
448 1556 512 1620 rati
534 1576 594 1621 neo
617 1555 772 1642 segnibus
794 1556 899 1619 undae

98 1642 289 1708 Planetibus
312 1648 368 1709 aut
391 1644 483 1708 vanis
506 1644 680 1710 mitescunt
702 1643 834 1708 flamina
856 1643 951 1708 votis.

99 1731 196 1796 Nunc
219 1733 342 1796 instare
364 1755 476 1819 manu,
498 1737 570 1799 toto
593 1754 679 1798 nunc
701 1733 818 1797 robore
839 1732 902 1796 niti

101 1819 272 1886 communi
294 1843 354 1906 pro
377 1822 449 1886 luce
472 1822 575 1887 decet:
599 1842 783 1886 succurrere
806 1821 901 1906 velis,
1064 1838 1118 1889 200

99 1909 282 1975 Exhaurire
305 1911 439 1996 fretum,
461 1910 570 1975 varios
593 1914 704 1994 aptare
727 1909 879 1974 rudentes

100 1997 259 2063 Omnibus
282 2002 315 2063 et
338 1999 425 2063 docti
447 1999 545 2063 iussis
568 2020 680 2082 parere
703 1998 861 2085 magistri.

98 2086 189 2173 Non,
212 2087 240 2152 si
263 2087 398 2172 perfidia
419 2088 507 2151 nacti
530 2087 728 2171 penetrabile
751 2091 880 2171 tempus

98 2175 254 2261 Inrupere
278 2175 391 2262 Getae,
414 2180 543 2240 nostras
567 2176 643 2239 dum
665 2175 781 2239 Raetia
803 2174 888 2239 vires

100 2263 244 2349 Occupat
267 2269 364 2350 atquc
388 2265 453 2330 alio
478 2265 634 2329 desudant
657 2263 762 2327 Marte
785 2263 950 2349 cohortes,
1063 2279 1117 2330 280

98 2353 222 2418 Idcirco
246 2376 319 2437 spes
343 2354 448 2418 omnis
472 2353 549 2417 abit.
585 2351 735 2416 Mirabile
757 2356 869 2436 posset

97 2443 181 2507 Esse
203 2441 297 2526 mihi,
322 2441 349 2505 si
372 2441 485 2506 fraude
506 2463 591 2506 nova
613 2441 666 2506 vel
688 2442 770 2506 calle
793 2444 921 2525 reperto

98 2530 263 2595 Barbarus
286 2530 417 2616 ignotas
439 2531 604 2595 invaderet
628 2529 750 2595 inscius
772 2528 887 2615 Alpes3

97 2618 194 2684 Nunc
218 2640 294 2683 vero
318 2618 456 2705 geminis
481 2620 587 2683 clades
610 2619 748 2703 repetita
769 2617 918 2703 tyrannis

97 2707 272 2773 Famosum
295 2708 442 2794 vulgavit
464 2707 527 2772 iter
549 2729 609 2773 nec
630 2712 710 2773 nota
732 2708 850 2772 fefellit
1062 2723 1117 2774 280

98 2797 219 2864 Semita
242 2801 480 2881 praestructum
503 2797 598 2862 bellis
623 2796 771 2861 civilibus
794 2796 931 2861 hostem.

96 2887 160 2952 Per
183 2886 297 2951 solitas
320 2908 435 2951 venere
458 2887 544 2972 vias,
567 2885 738 2969 aditusque
761 2885 941 2970 sequendos
1029 2945 1030 2949 ,

97 2975 273 3040 Barbarioo
296 2975 444 3040 Romana
467 2975 554 3039 dedit
578 2974 737 3039 discordia
760 2975 856 3039 bello.

164 3063 240 3129 ‘Sed
261 3087 320 3129 neo
342 3063 526 3150 praeteritis
548 3064 628 3128 haec
650 3084 701 3128 res
724 3063 891 3150 incognita
913 3062 1041 3128 saeclis:

97 3152 199 3238 Saepe
222 3154 419 3239 lacessitam,
442 3153 498 3217 sed
519 3175 586 3218 non
607 3153 753 3238 impune,
775 3152 914 3216 fatemur
1063 3169 1116 3219 200

95 3241 283 3308 Ausoniam.
320 3241 410 3307 Haec
429 3241 593 3307 Senonum
610 3240 762 3306 restinxit
781 3240 937 3328 sanguine
959 3240 1118 3328 flammas,

97 3330 188 3396 Haec
211 3336 243 3396 et
266 3331 444 3396 Teutonico
468 3330 630 3414 quondam
652 3330 815 3414 patefacta
837 3330 941 3395 furori

98 3419 190 3484 Colla
214 3420 353 3485 catenati
375 3419 457 3485 vidit
481 3419 662 3504 squalentia
686 3417 818 3484 Cimbri.

95 3508 170 3573 Vile
194 3508 303 3597 decus,
328 3509 415 3595 quod
436 3531 504 3573 non
527 3509 628 3574 erexit
651 3509 801 3593 praevius
824 3508 952 3594 horror3
