2438 3832
140 169 180 232 12
461 166 609 222 CLAVDII
627 165 826 222 CLAVDIANI

136 329 212 395 Nox
235 329 348 416 genuit
371 328 452 391 fetu:
475 328 587 391 nutrix
610 328 781 394 Discordia
803 328 891 414 belli,
1116 347 1151 396 30

137 417 315 502 Imperiosa
337 416 466 501 Fames,
488 415 554 480 leto
578 416 685 480 vicina
708 416 862 481 Senectus

137 505 377 591 Impatiensque
401 504 452 568 sui
475 504 609 568 Morbus
631 504 794 589 Livorque
817 505 965 569 secundis

137 594 264 659 Anxius
288 598 319 657 et
344 593 445 657 scisso
468 614 613 657 maerens
635 593 793 658 velamine
815 593 937 657 Luctus

137 683 182 747 Ft
205 682 316 747 Timor
339 686 371 745 et
395 702 488 745 caeco
511 702 662 764 praeceps
686 681 831 745 Audacia
853 681 947 761 vultu

137 771 183 835 Ft
200 770 311 834 Luxus
329 770 503 854 populator
522 791 629 854 opum,
648 791 743 852 quem
762 791 887 853 semper
905 770 1081 836 adhaerens
1118 790 1155 838 35

136 857 255 923 Infelix
278 857 394 921 humili
417 879 532 944 gressu
554 857 728 922 comitatur
749 858 899 944 Egestas,

138 947 308 1029 Foedaque
331 945 497 1010 Avaritiae
521 946 706 1031 complexae
727 950 859 1030 pectora
881 947 996 1011 matris

137 1034 305 1099 Insomnes
327 1033 426 1119 longo
449 1033 584 1097 veniunt
607 1034 753 1098 examine
777 1034 887 1099 Curae.

139 1123 349 1207 Complentur
371 1121 461 1186 vario
484 1122 604 1185 ferrata
627 1122 742 1187 sedilia
765 1127 858 1187 coetu

138 1211 306 1294 Torvaque
330 1209 475 1274 collectis
499 1209 641 1294 stipatur
664 1211 753 1275 curia
775 1212 938 1276 monstris.
1119 1229 1156 1280 40

136 1298 265 1364 Allecto
289 1299 381 1362 stetit
404 1299 440 1362 in
462 1298 577 1362 mediis
599 1298 781 1385 vulgusque
804 1303 909 1364 tacere

137 1387 238 1453 lussit
262 1391 294 1450 et
318 1387 485 1451 obstantes
508 1387 544 1450 in
565 1391 694 1474 tergum
716 1388 859 1472 reppulit
882 1410 1003 1475 angues

137 1476 262 1559 Perque
285 1497 413 1539 umeros
436 1497 542 1539 errare
565 1476 660 1541 dedit.
707 1476 790 1541 Tum
818 1477 912 1541 corde
935 1477 995 1541 sub
1020 1476 1086 1541 imo

137 1563 300 1629 Inclusam
322 1563 446 1627 rabidis
468 1563 621 1648 patefecit
644 1564 779 1629 vocibus
801 1564 898 1629 iram:

206 1651 329 1716 ‘Sicine
352 1651 530 1735 tranquillo
552 1653 687 1736 produci
711 1653 838 1716 saecula
861 1674 966 1739 cursu,
1118 1671 1154 1718 45

139 1740 193 1806 Sic
215 1741 398 1805 fortunatas
421 1739 582 1824 patiemur
604 1740 711 1805 vivere
734 1741 869 1827 gentes?

139 1829 227 1906 Quae
248 1851 333 1893 nova
357 1828 501 1911 corrupit
522 1831 654 1892 nostros
677 1828 848 1893 clementia
871 1830 1002 1895 mores?

139 1917 209 1994 Quo
232 1916 338 1979 rabies
362 1916 474 1980 innata
496 1916 604 1999 perit?
636 1916 715 2000 quid
738 1917 847 1982 inania
868 1922 1007 2003 prosunt

136 2005 303 2070 Verbera?
326 2004 404 2087 quid
426 2003 552 2068 facibus
574 2004 771 2089 nequiquam
794 2006 955 2093 cingimur
977 2006 1080 2070 atris?

137 2094 211 2159 Heu
232 2092 331 2158 nimis
355 2092 504 2179 ignavae,
527 2114 607 2176 quas
630 2091 777 2178 Iuppiter
800 2098 887 2159 arcet
910 2094 1059 2180 Olympo,
1119 2111 1155 2160 oo

136 2181 338 2247 Theodosius
360 2181 465 2245 terris.
510 2181 564 2246 En
587 2203 683 2246 aurea
704 2183 850 2247 nascitur
872 2187 971 2268 aetas,

136 2272 189 2337 Flu
211 2270 319 2355 proles
343 2269 477 2352 antiqua
500 2269 592 2333 redit.
640 2269 832 2355 Concordia,
854 2270 970 2335 Virtus

138 2359 283 2442 Cumque
305 2356 384 2420 Fide
406 2356 516 2420 Pietas
539 2356 606 2420 alta
630 2358 751 2422 cervice
773 2362 933 2445 vagantur

136 2445 365 2532 Insignemque
388 2448 507 2509 canunt
529 2449 642 2509 nostra
665 2444 703 2509 de
725 2445 819 2530 plebe
841 2446 1051 2532 triumphum.

46 2532 50 2539 ’
136 2534 201 2598 Pro
225 2533 330 2597 dolorl
354 2532 425 2617 ipsa
448 2532 530 2596 mihi
552 2533 694 2617 liquidas
718 2534 848 2618 delapsa
870 2556 928 2618 per
950 2557 1045 2600 auras
1119 2554 1154 2602 55

137 2621 269 2686 Iustitia
292 2621 429 2685 insultat
451 2622 607 2705 vitiisque
629 2644 648 2686 a
672 2621 773 2706 stirpe
796 2622 908 2687 recisis

136 2711 239 2775 Elicit
263 2731 432 2795 oppressas
455 2710 626 2774 tenebroso
651 2731 775 2774 carcere
798 2711 894 2797 leges.

137 2798 182 2864 At
204 2820 265 2863 nos
289 2797 453 2862 indecores
476 2798 575 2885 longo
598 2798 800 2882 torpebimus
823 2821 901 2864 aevo

139 2887 297 2953 Omnibus
321 2887 440 2950 eiectae
463 2887 585 2973 regnis!
630 2885 810 2973 Agnoscite
832 2887 962 2952 tandem

139 2974 223 3053 Quid
244 2974 360 3038 Furias
384 2975 507 3060 deceat3
531 2979 700 3039 consuetas
724 2976 842 3040 sumite
864 2976 950 3040 vires
1119 2993 1154 3043 60

139 3063 370 3147 Conventuque
392 3063 484 3128 nefas
507 3067 599 3127 tanto
625 3064 785 3128 decernite
809 3064 951 3151 dignum.

136 3151 206 3217 Iam
229 3153 324 3236 cupio
348 3151 474 3238 Stygiis
497 3151 646 3217 invadere
667 3152 811 3216 nubibus
834 3158 931 3239 astra,

136 3240 206 3306 Iam
228 3242 310 3305 flatu
331 3241 454 3305 violare
477 3240 571 3325 diem,
593 3241 702 3305 laxare
724 3241 885 3325 profrmdo

137 3329 242 3394 Frena
264 3329 360 3414 mari,
382 3329 500 3393 fluvios
523 3328 629 3412 ruptis
652 3329 817 3394 inmittere
839 3330 921 3414 ripis

138 3418 184 3484 Ft
207 3441 314 3482 rerum
337 3440 452 3481 vexare
475 3417 595 3483 fidem'.
1118 3435 1153 3484 to

648 3505 702 3571 Sic
724 3506 792 3570 fata
815 3510 983 3571 cruentum
