2438 3832
438 164 605 219 cARMINA
624 164 777 221 GRAECA.
971 140 973 148 ’
1048 167 1113 230 313

101 325 228 412 πλέγμα
242 330 357 413 κόρυν,
372 329 455 414 δόρυ
470 330 581 412 μαζόν,
600 327 711 414 ὀφρῦν
725 326 830 411 βέλος,
844 327 968 394 ἀσπίδα
986 329 1116 413 κάλλος,

101 416 186 481 ὅπλα
209 414 304 500 μέλη,
327 414 514 502 θέλγητρον
537 415 573 481 ε’ν
597 418 744 498 άλγεσιν·
768 418 799 481 εί
821 415 860 481 δέ
880 440 930 494 τις
953 418 1035 503 αὐτῆ
1118 461 1121 467 J

101 507 189 590 ὄμμα
212 504 323 588 βάλοι,
348 504 504 590 δέδμητο,
526 502 622 588 βέλος
645 502 677 568 δ’
698 504 762 570 ἀπὸ
785 507 894 592 χειρὸς
917 505 1015 582 έάσας

101 591 284 679 ὡς”Αρεως
306 595 405 680 αίχμῆ
429 601 468 679 τῆ
491 595 664 678 Κύπριδος
686 595 806 659 όλλυτο
829 604 951 680 μορφῆ.

168 681 235 747 Καὶ
253 684 312 747 τὸν
331 678 391 767 μέν
409 681 560 747 θανάτου
579 680 682 766 νέφος
700 681 830 748 έννυεν·
850 683 933 748 ἀλλά
958 686 1117 769 Τυφωεὺς

101 767 188 857 ὦρτο
212 772 447 848 Ποσειδάωνος
470 770 616 836 ἐναντία·
640 781 700 836 τοῦ
724 768 761 836 δὲ
783 775 915 858 τριαίνη
1083 788 1117 839 56

104 858 224 945 στέρνα
249 858 461 944 Ποσειδάων,
486 862 570 937 Ζεὺς
593 857 624 924 δ’
644 861 746 942 ήλασε
767 869 872 946 κρᾶτα
893 871 1054 949 κεραυνῷ.

166 947 359 1031 Ἐγκέλαδος
378 946 409 1013 δ’
431 949 470 1013 οὐ
490 953 568 1032 λῆγε
586 949 701 1033 μάχης,
725 948 788 1014 ἀνά
812 947 843 1024 δ,’
864 950 990 1036 ήρπασε
1012 958 1118 1034 νῆσον

102 1037 281 1123 πρόρριζον
304 1035 478 1102 πολέεσσιν
501 1036 713 1123 έρειδομένην
737 1036 880 1122 ὀρέεσσι,

104 1126 197 1190 δεινά
220 1123 252 1190 δ’
274 1126 451 1208 ἀπειλήσας
475 1127 584 1209 Ζηνὸς
605 1125 779 1191 κατέναντι
802 1128 948 1211 βεβήκει,
1084 1145 1118 1195 60

103 1222 218 1279 στεῦτο
242 1211 279 1279 δέ
301 1226 400 1298 γαῖαν
424 1215 505 1299 ὅλην
527 1211 588 1299 μὲν
611 1213 793 1301 ἀναρρῆξαι
815 1217 1001 1300 κενεώνων,

103 1305 207 1390 ἀστρα
230 1299 268 1367 δέ
291 1311 463 1387 συγχεῦαι,
489 1304 597 1385 Ζηνὸς
620 1299 657 1367 δέ
679 1302 849 1389 μέλαθρον
874 1304 1021 1390 ἐρύσσαι·

103 1403 176 1457 τοία
200 1390 230 1456 δ’
253 1391 431 1476 ἀπηπείλει.
473 1401 518 1480 τῷ
542 1388 579 1457 δέ
602 1389 724 1469 σθένος
747 1393 852 1479 ὤρορε
875 1396 981 1478 μήτηρ

102 1478 185 1566 ήμὲν
208 1479 414 1566 ἀνασχομένη
438 1483 559 1566 φόνιον
581 1479 691 1564 βέλος,
714 1482 827 1565 ἠελίου
849 1505 884 1547 τε

102 1579 204 1652 νῆσος
227 1569 428 1656 ἀνερχομένη
452 1573 586 1635 σκίασεν
609 1570 708 1654 φάος,
733 1569 769 1635 έν
792 1568 831 1635 δέ
851 1594 885 1635 τε
908 1573 998 1658 νήσφ
1086 1588 1119 1637 65

106 1657 246 1743 δένδρεα
268 1657 324 1723 καὶ
346 1658 488 1743 ποταμοὶ
510 1657 614 1744 θῆρές
636 1657 666 1722 τ’
688 1661 766 1723 ἔσαν
790 1658 925 1745 ὄρνιθές
947 1684 990 1724 τε.

105 1743 161 1811 καὶ
184 1744 252 1810 τότ’
273 1749 398 1811 ἀνακτα
421 1753 512 1811 θεῶν
535 1749 632 1830 χόλος
655 1747 795 1823 ἀσπετος
818 1746 1021 1831 ἐστυφέλιξε·

106 1833 204 1920 ῥῆξεν
227 1833 290 1920 γάρ
314 1836 463 1918 τετυφὼς
485 1833 626 1919 νεφέλας
649 1836 713 1899 σὺν
735 1846 805 1911 τοῖς
827 1859 862 1899 τε
884 1848 1059 1921 κεραυνοῖς

107 1922 287 2007 ἀσβέστους
309 1925 492 2009 πυρόεντας
515 1921 565 1987 ἐπ’
588 1920 770 2010 Ἐγκελάδῳ
794 1922 867 2007 χέεν
890 1926 1036 2010 ὄμβρους

106 2010 216 2099 (ήθελ’
238 2009 469 2098 ἀμαλδύνειν)·
493 2011 510 2077 ὁ
535 2007 572 2075 δὲ
595 2014 760 2095 μεσσόθεν
783 2014 903 2100 ένθορε
925 2016 1049 2079 πόντου
1086 2030 1119 2080 70

108 2104 301 2186 αἰθόμενος,
324 2111 369 2188 τῷ
393 2098 424 2164 δ’
447 2098 532 2184 ἀμφὶ
555 2102 761 2185 περιζείουσα
785 2102 939 2166 θάλασσα

107 2191 220 2255 δεινὸν
242 2189 447 2273 παφλάζεσκε
469 2186 640 2274 κυκωμένη
665 2189 710 2265 ὡς
731 2188 807 2274 περὶ
832 2191 956 2275 Θήρας·

107 2274 186 2343 οὐδὲ
209 2282 366 2364 Κρονίων
389 2283 481 2361 λῆγε,
505 2280 694 2360 Λυκαονίης
717 2275 749 2341 δ’
771 2276 834 2342 ἀπὸ
857 2281 953 2361 γαίης

107 2365 227 2451 πέτρον
251 2365 437 2452 ἀπορρήξας
460 2366 546 2453 ὀλοῷ
570 2364 710 2448 έπέθηκε
732 2368 864 2448 γίγαντι

107 2457 226 2538 ἀσχετα
249 2457 409 2539 μηνιόων·
434 2452 486 2519 ἐπὶ
510 2452 540 2519 δ’
562 2454 651 2542 αὐτῷ
674 2463 776 2538 νῆσος
798 2457 953 2541 όρουσευ,
1085 2471 1118 2523 76

107 2544 150 2627 ῆν
173 2543 273 2620 αὐτὸς
295 2540 455 2630 προέηκεν
479 2543 512 2620 ές
535 2542 693 2629 οὐρανόν·
718 2543 921 2631 [ἀμφότερον
945 2541 982 2610 δέ

107 2631 162 2699 καὶ
185 2632 266 2719 πυρὶ
289 2630 344 2697 καὶ
366 2633 477 2721 νοόσφ
501 2635 682 2718 στυγεροὺς
704 2635 850 2719 τείρουσι
873 2634 1054 2718 γίγαντας]

108 2755 322 2767 ,.,....--.---

197 2830 232 2880 66
257 2823 357 2881 έννυεν
394 2825 544 2894 hedwich,-
572 2823 676 2879 ἔντυεν.
759 2830 792 2878 67
821 2826 890 2887 Ζεὺς
915 2823 969 2950 δ’]
985 2825 1123 2896 Κοιολιίμ,·

111 2896 186 2958 Ζεὺς.
260 2904 350 2966 κρᾶτα
391 2897 477 2966 idem
504 2895 601 2964 κάρτα.
685 2901 718 2948 62
746 2893 847 2966 ἄστρα]
876 2895 951 2951 Koec
971 2897 1016 2968 ἰῆς
1044 2894 1120 2950 ἀστν.

110 2973 143 3020 63
167 2974 230 3020 τοῖα
249 2965 276 3021 δ’
297 2963 458 3038 ἀντηπείλει]
481 2968 567 3035 idem
589 2964 652 3020 ποιά
672 2963 703 3020 δὲ
723 2962 873 3034 ἐπηπείλει.
948 2971 982 3021 64
1006 2963 1121 3038 φόνιον]

110 3038 238 3104 δείκνάιῆ
257 3034 378 3107 φοίνιον.
435 3043 468 3092 65
488 3034 614 3108 σκίασεν]
634 3033 736 3091 σκίασε.
793 3042 826 3091 68
845 3038 980 3109 τετυφὼς]
997 3038 1124 3105 Βίνόίκες

111 3127 140 3162 τε
163 3107 258 3175 πυρὸς.
324 3115 357 3163 69
381 3106 549 3179 πυρόεντας]
569 3108 706 3178 Κοιολιίγ,·
724 3104 883 3176 πυρόεντος.
949 3115 983 3164 70
1007 3107 1121 3180 ἔνθορε]

110 3181 197 3245 ι’όοιας
216 3177 326 3246 ἔκθορε.
400 3186 433 3232 72
453 3180 489 3242 ὡς
507 3179 572 3247 περὶ
592 3178 699 3249 Θήρας]
718 3179 915 3248 Βκιολιίενιιε,·
937 3179 1003 3247 περὶ
1021 3183 1122 3247 θῆρας.

111 3256 144 3304 73
163 3247 191 3302 δ’
212 3248 282 3319 ἀπὸ]
302 3250 439 3323 Κοιολιίγ,·
457 3250 522 3304 ἀπὸ.
597 3256 631 3305 74
647 3247 768 3320 πέτρον]
782 3247 895 3319 πέτραν.
970 3255 1004 3306 ’λό
1024 3250 1120 3321 νῆσος]

111 3321 250 3392 Κοεολιίη;
269 3328 376 3384 νοῦσος,
451 3328 483 3375 76
503 3320 543 3391 ἐς]
562 3322 681 3390 Ινίονλε,·
700 3321 739 3384 εἰς
756 3320 813 3376 τὸν.
