2438 3832
20 3654 25 3689 t

123 137 189 202 114
457 133 605 190 CLAVDII
624 133 824 190 eLAvnmnr

122 301 316 368 Sufficerent
339 303 478 386 angusta
502 297 569 362 deo.
614 296 684 362 Neo
706 296 871 380 inhospita
896 295 1016 382 Cynthi

123 389 208 456 Saxa
231 393 306 454 tuos
330 392 420 453 artus
444 387 523 451 duro
547 387 669 451 laesere
693 385 805 450 cubili:

121 478 270 544 Adclinis
294 476 441 564 genetrix
464 496 558 562 auro,
581 475 767 540 circumflua
790 473 926 560 gemmis

122 567 162 633 In
185 567 301 652 Tyrios
325 566 419 630 enixa
441 570 546 651 toros3
568 564 695 628 ululata
717 562 865 628 verendis
1091 579 1145 630 140

123 656 209 724 Aula
231 654 418 740 puerperiis.
465 652 553 730 Quae
575 657 653 718 tunc
678 652 868 717 documenta
890 651 1016 716 futuri?

125 745 212 823 Quae
235 766 331 809 voces
355 742 484 808 avium?
509 742 622 826 quanti
645 763 703 826 per
724 741 820 806 inane
842 740 993 806 volatus?

125 833 187 911 Qui
209 836 321 898 vatum
346 832 509 896 discursus
533 831 624 895 erat?
669 830 743 894 Tibi
768 829 916 916 corniger
937 829 1104 895 Hammon

122 923 169 987 Et
192 921 311 985 dudum
333 920 426 986 taciti
448 942 563 1004 mpero
587 919 717 983 silentia
739 918 872 1005 Delphi,

124 1011 169 1075 Te
191 1011 309 1075 Persae
333 1009 474 1074 occinere
497 1007 599 1094 magi,
622 1012 655 1072 te
679 1008 780 1071 sensit
803 1007 963 1072 Etruscus
1092 1023 1143 1073 145

124 1099 240 1187 Augur
263 1102 295 1163 et
318 1097 472 1184 inspectis
495 1096 697 1182 Babylonius
719 1096 848 1162 horruit
871 1096 981 1183 astris,

125 1187 278 1254 Chaldaei
302 1193 454 1273 stupuere
477 1208 569 1251 senes
595 1185 801 1269 Cumanaque
824 1207 936 1250 rursus

123 1276 271 1342 Intonuit
293 1299 404 1362 rupes,
427 1276 558 1340 rabidae
582 1274 715 1340 delubra
739 1273 891 1360 Sibyllae.

123 1365 192 1432 Nec
214 1371 248 1430 te
270 1365 479 1451 progenitum
503 1363 675 1448 Cybeleius
699 1385 771 1428 aere
795 1385 913 1428 sonoro

123 1454 291 1520 Lustravit
316 1452 474 1536 Corybas:
498 1452 657 1517 exercitus
680 1453 823 1537 undique
846 1452 975 1538 fulgens

124 1543 277 1628 Adstitit3
301 1542 444 1607 ambitur
467 1541 571 1629 signis
594 1541 764 1629 augustior
786 1541 908 1629 infans,

125 1630 231 1697 Sentit
254 1630 425 1696 adorantes
448 1631 573 1717 galeas,
598 1631 765 1715 redditque
788 1631 928 1695 ferocem

123 1720 281 1807 Vagitum
303 1719 414 1785 lituus,

462 1807 574 1874 Vitam
596 1807 658 1872 tibi
682 1808 820 1873 contulit
842 1808 928 1873 idem

124 1898 363 1982 imperiumque
387 1897 470 1984 dies3
493 1897 578 1962 inter
600 1897 760 1962 cunabula
784 1897 898 1962 consul

124 1986 330 2073 ProveheriS,
354 1985 464 2073 signas
487 1985 595 2070 posito
618 1985 714 2050 modo
737 1986 868 2050 nomine
891 1986 995 2051 fastos

126 2076 339 2159 Donaturque
361 2074 438 2161 tibi,
462 2075 517 2158 qui
540 2078 573 2138 te
595 2073 806 2160 produxerat,
829 2097 941 2140 annus,

125 2164 201 2249 Ipsa
225 2164 384 2241 Quirinali
407 2186 543 2248 parvum
564 2169 597 2227 te
621 2163 722 2228 cinxit
745 2163 866 2228 amictu

124 2254 230 2319 Mater
254 2258 286 2317 et
310 2253 494 2337 adprimus
518 2251 627 2318 docuit
650 2255 777 2335 reptare
801 2253 936 2318 curules,

123 2343 289 2407 Vberibus
313 2341 433 2406 sanctis
455 2340 686 2424 inmortalique
709 2341 840 2406 dearum

127 2430 252 2497 Crescis
276 2429 429 2494 adoratus
452 2428 589 2514 gremio:
612 2429 674 2495 tibi
697 2451 791 2514 saepe
814 2430 920 2495 Diana

125 2518 304 2585 Maenalios
327 2538 421 2582 arcus
443 2517 686 2602 venatricesque
708 2518 877 2603 pharetras

126 2606 315 2693 Suspendit,
337 2606 461 2690 puerile
485 2606 593 2692 decus3
615 2611 653 2671 tu
675 2629 770 2692 saepe
792 2607 956 2674 Minervae

124 2696 248 2763 Lusisti
272 2695 375 2780 clipeo
399 2695 585 2778 fulvamque
608 2695 739 2780 impune
761 2719 930 2781 pererrans

124 2785 251 2873 Aegida
273 2783 423 2849 tractasti
445 2783 583 2848 blandos
601 2784 770 2849 interritus
800 2808 936 2873 angues3

126 2874 227 2959 Saepe
251 2878 325 2940 tuas
349 2872 446 2938 etiam
468 2872 534 2938 iam
556 2877 627 2939 tum
648 2874 810 2960 gaudente
832 2875 950 2940 marito
1091 2893 1144 2943 165

125 2963 256 3028 Velavit
279 2962 391 3050 regina
414 2983 522 3026 comas
545 2961 728 3047 festinaque
750 2964 820 3029 voti

124 3053 374 3136 Praesumptum
398 3050 542 3115 diadema
566 3051 666 3138 dedit,
688 3057 758 3117 tum
781 3053 910 3118 lenibus
932 3054 1021 3119 ulnis

126 3141 267 3208 Sustulit
290 3144 322 3205 et
344 3161 463 3226 magno
486 3140 631 3223 porrexit
654 3140 695 3205 ad
718 3142 829 3206 oscula
850 3142 945 3226 patri.

29 3239 32 3245 '
124 3229 195 3296 Nec
219 3229 337 3294 dilatus
360 3228 478 3293 honos:
501 3233 647 3294 mutatur
668 3230 813 3316 principe
837 3230 968 3318 Caesar3

125 3319 279 3384 Protinus
302 3317 451 3401 aequaris
473 3317 575 3383 fratri.

617 3406 695 3473 Non
718 3407 836 3472 certius
859 3431 1013 3493 umquam

120 3495 257 3560 Hortati
281 3494 403 3583 superi,
425 3494 526 3560 nullis
548 3495 749 3579 praesentior
771 3497 882 3561 aether
