2438 3832
100 135 141 200 18
421 132 568 188 CLAVDII
587 131 786 188 CLAVDIANI

99 297 184 375 Quid
206 297 272 360 tale
295 296 439 359 inmanes
462 317 617 379 umquam
640 295 780 383 gessisse
803 294 953 360 fenmtur

96 387 160 450 Vel
184 385 270 450 Sinis
292 383 468 448 Isthmiaca
490 384 570 467 pinu
592 384 644 449 vel
666 405 746 469 rupe
768 384 929 468 profunda

98 473 214 539 Sciron
237 473 288 540 vel
310 472 459 536 Phalaris
481 477 576 537 tauro
600 472 652 536 vel
676 493 801 536 6666666
825 470 938 555 Sylla?

98 561 125 627 Ο
148 563 244 627 mites
267 561 433 625 Diomedis
456 563 543 645 equit
577 561 737 626 Busiridis
761 581 834 624 arae

99 650 293 715 Clementes!
330 647 400 713 Iam
424 649 526 714 Cinna
549 649 636 734 pius,
658 649 724 713 iam
748 647 901 732 Spartace
925 648 1034 736 segnis
1064 665 1118 714 266

97 739 217 804 Rufino
241 738 379 803 collatus
403 738 502 809 eris!¹

516 825 683 890 Deiecerat
707 847 818 891 omnes

98 914 242 980 Occultis
266 914 348 979 odiis
371 919 476 979 terror
498 915 654 998 tacitique
678 915 823 998 sepultos

98 1003 271 1088 Suspirant
294 1003 434 1089 gemitus
457 1003 683 1089 indignarique
706 1007 865 1068 verentur.

96 1090 142 1156 At
166 1114 233 1156 non
255 1091 454 1178 magnanimi
476 1091 581 1155 virtus
605 1090 794 1156 Stilichonis
818 1091 930 1156 eodem

97 1180 215 1245 Fracta
237 1184 341 1265 metu3
365 1180 454 1243 solus
477 1179 582 1244 medio
607 1178 663 1243 sed
685 1179 816 1244 turbine
839 1202 947 1244 rerum
1064 1195 1119 1244 266

99 1269 220 1334 Contra
243 1268 388 1333 letiferos
412 1267 513 1332 rictus
537 1271 713 1351 contraque
736 1290 885 1353 rapacem

96 1357 202 1422 Movit
225 1356 291 1422 tela
313 1358 424 1442 feram,
447 1355 588 1420 volucris
611 1378 679 1420 non
700 1361 852 1440 praepete
875 1379 972 1421 cursu

96 1446 219 1511 Vectus
244 1444 331 1531 equi,
353 1467 421 1509 non
442 1444 595 1530 Pegaseis
618 1444 748 1509 adiutus
771 1445 915 1510 habenis.

97 1533 161 1598 Hic
185 1534 310 1598 cunctis
334 1537 446 1616 optata
469 1533 570 1618 quies,
593 1532 647 1596 hic
670 1533 740 1598 sole
762 1533 876 1617 pericli

98 1622 210 1686 Tmris
234 1626 303 1686 erat
328 1622 514 1705 clipeusque
536 1625 661 1685 trucem
682 1625 851 1706 porrectus
874 1621 909 1686 in
932 1621 1070 1706 hostem,

97 1711 161 1777 Hic
183 1710 332 1796 profugis
356 1709 447 1774 sedes
471 1710 668 1794 adversaque
691 1709 785 1797 signa
807 1710 920 1796 furori,
1066 1726 1119 1775 266

99 1799 271 1866 Servandis
294 1799 348 1863 hic
371 1802 477 1862 eastre
499 1797 603 1863 bonis.

633 1885 810 1970 Hucusque
833 1886 976 1950 minatus

97 1974 262 2040 Haerebat
286 1978 437 2057 retroque
461 1974 539 2060 fuga
563 1973 695 2039 cedebat
718 1974 828 2040 inerti:

98 2063 197 2130 Haud
220 2084 312 2127 secus
335 2062 471 2127 hiberno
495 2061 639 2127 tumidus
663 2085 736 2127 cum
758 2063 878 2127 vertice
900 2066 1029 2126 torrens

99 2152 185 2219 Saxa
207 2155 294 2216 rotat
317 2151 484 2235 volvitque
506 2172 620 2215 nemus
642 2155 823 2236 pontesque
846 2149 983 2235 revellit,
1065 2165 1119 2215 276

98 2240 275 2327 Frangitur
299 2240 428 2304 obiectu
451 2239 576 2323 scopuli
600 2260 820 2323 quaerensque
843 2243 985 2303 meatum

101 2329 237 2414 Spumet
261 2332 293 2392 et
316 2328 413 2392 inlisa
436 2331 580 2392 montem
603 2327 818 2392 circumtonat
841 2327 935 2392 unda.

168 2416 238 2494 Qua
261 2415 396 2502 dignum
418 2419 451 2479 te
473 2415 567 2479 laude
590 2415 705 2502 feram,
729 2415 786 2500 qui
807 2437 909 2500 paene
931 2415 1039 2481 ruenti

99 2504 310 2588 Lapsuroque
334 2507 409 2567 tuos
432 2525 561 2568 umeros
585 2504 741 2568 obieceris
766 2504 859 2569 orbi?

100 2593 146 2660 Te
168 2591 264 2657 nobis
287 2591 431 2675 trepidae
455 2591 544 2657 sidus
568 2613 626 2656 ceu
649 2591 741 2657 dulce
764 2593 891 2658 carinae
1066 2608 1119 2657 266

101 2680 277 2746 Ostendere
301 2680 365 2766 dei,
387 2681 524 2767 geminis
549 2702 630 2764 quae
653 2681 740 2746 lassa
762 2680 914 2765 procellis

101 2769 262 2834 Tunditur
285 2773 317 2833 et
340 2769 426 2833 victo
449 2769 591 2834 trahitur
614 2769 679 2833 iam
703 2792 796 2834 66666
818 2769 985 2856 magistro.

100 2857 252 2922 Inachius
276 2858 389 2922 Rubro
412 2858 601 2942 perhibetur
623 2858 658 2922 in
681 2879 820 2942 aequore
842 2858 979 2922 Perseus

100 2946 247 3031 Neptuni
270 2946 433 3010 domuisse
455 2968 566 3032 pecus,
590 2946 647 3010 sed
668 2947 772 3013 tutior
795 2948 869 3012 alis:

102 3035 147 3099 Te
170 3057 237 3099 non
258 3057 364 3119 penne
386 3035 488 3121 vehit3
510 3034 616 3122 rigida
639 3057 712 3100 cum
736 3036 888 3123 Gorgone
910 3033 1061 3100 Perseus:

102 3123 152 3187 Tu
173 3146 241 3187 non
262 3124 391 3207 vipereo
416 3122 564 3189 defensus
588 3124 676 3190 crine
698 3124 864 3210 Medusae3
1066 3139 1118 3189 261

101 3210 200 3276 Illum
222 3211 297 3276 vilis
321 3234 412 3277 amor
435 3234 609 3296 suspensae
631 3213 769 3300 uirginis
793 3212 873 3301 egit:

103 3299 148 3364 Te
170 3300 318 3365 Romana
341 3301 437 3364 salus.
483 3301 600 3366 Taceat
624 3307 775 3386 superata
797 3305 952 3386 vetustas,

102 3387 280 3453 Herculeos
304 3389 448 3454 conferre
471 3391 537 3454 tuis
560 3392 625 3455 iam
648 3391 773 3456 desinat
797 3395 898 3456 actus.

102 3474 178 3547 Vna
201 3475 395 3544 Cleonaeum
417 3479 570 3563 pascebat
593 3479 676 3544 silva
698 3481 838 3567 leonem3
1068 3494 1120 3543 266
