2438 3832
118 131 205 209 80‘
339 204 342 208 ,
447 141 593 198 salvan
612 141 855 218 3133013111λ

117 306 169 371 Ad
193 306 307 371 solitos
331 327 462 389 coepere
484 305 574 370 iocos
598 309 630 370 et
652 305 757 392 iurgia
781 305 857 369 circi
920 360 921 364 ,

118 395 268 459 Tendere.
312 393 519 478 Nequiquam
541 416 659 481 magna
682 394 868 480 confligItur
889 393 951 477 ira,

119 483 198 560 Quis
221 483 336 559 melius
360 484 486 547 vibrata
509 505 589 566 puer
611 483 769 570 vertigine
792 482 884 546 molli

118 572 264 636 Membra
284 576 379 657 rotet,
401 576 508 636 verrat
532 572 604 655 quis
626 594 787 636 marmora
810 571 896 635 crine
920 569 1059 653 supino?
1082 586 1134 636 303

119 660 198 737 Quis
221 661 326 747 magis
349 661 466 725 enodes
488 660 627 725 laterum
642 660 839 743 detorqueat
861 663 964 744 artus,

119 749 199 825 Quis
222 750 293 814 voci
316 750 451 836 digitos,
475 750 586 814 oculos
610 749 682 833 quis
705 749 849 812 moribus
872 747 987 832 aptet?

118 837 163 901 Hi
186 839 328 924 tragicos
351 839 523 903 meminere
545 838 746 923 mod0s;·his
770 837 881 901 fabula
903 836 1036 922 Tereus,
1134 902 1136 906 .

119 925 181 990 His
203 926 339 991 necdum
362 927 532 992 commissa
556 927 654 991 choro
681 930 829 990 cantatur
850 925 973 1012 Agaue.

118 1013 268 1098 Increpat
290 1015 482 1099 Eutropius:
504 1037 572 1080 non
594 1016 673 1079 haec
696 1015 878 1098 spectacula
901 1019 1029 1098 tempus
1083 1031 1135 1080 335

118 1102 268 1189 Poscere3
290 1126 376 1169 nunc
399 1104 479 1168 alias
502 1126 665 1169 armorum
686 1104 870 1168 incumbere
893 1125 1001 1188 ouras3
1123 1151 1125 1155 -

80 1246 85 1255 .
120 1190 161 1256 Se
184 1193 264 1256 satis
287 1191 440 1258 Armenio
464 1193 585 1257 fessum
607 1215 666 1276 pro
690 1192 793 1256 limite
816 1193 903 1279 cingi

119 1280 188 1346 Nec
210 1282 311 1345 tantis
334 1304 435 1345 unum
458 1282 634 1345 subsistere
656 1303 752 1365 posse
774 1281 917 1366 periclis3

119 1367 295 1455 Ignoscant
319 1371 421 1454 senia,
444 1370 575 1434 iuvenes
598 1370 639 1434 ad
660 1370 783 1453 proeh'a
806 1370 939 1434 mittant
963 1392 1018 1433 -ε

73 1506 77 1512 .
120 1457 232 1534 Qualis
254 1458 450 1541 pauperibus
473 1459 584 1522 nutrix
606 1459 710 1522 invisa
731 1459 850 1542 puellis
1084 1473 1158 1522 373·

119 1545 255 1610 Adsidet
279 1551 311 1610 et
334 1547 400 1610 tela
423 1547 624 1612 communem
647 1568 798 1630 quaerere
821 1547 943 1611 victum

120 1635 230 1700 Rauca
252 1639 375 1719 monet3
398 1635 491 1698 festis
513 1635 589 1699 illae
611 1635 728 1699 lusisse
751 1635 864 1699 diebus
902 1708 907 1717 ,

121 1722 223 1788 Orant
246 1727 278 1787 et
301 1724 417 1807 positis
440 1745 617 1807 aequaevas
639 1725 742 1789 visere
764 1725 887 1808 pensis,

119 1810 288 1895 Irataeque
312 1813 401 1896 operi
422 1813 488 1876 iam
510 1812 597 1876 lasso
619 1813 738 1896 pollice
760 1813 815 1877 fila

98 1901 267 1968 .Turbant
290 1904 323 1964 et
345 1905 473 1965 teneros
497 1900 664 1987 detergent
687 1902 824 1965 stamine
847 1902 950 1964 fletus
1085 1916 1137 1963 370

88 2064 91 2068 ,
186 1989 315 2052 Emicat
339 1990 499 2073 extemplo
524 1990 653 2059 cunctis¹
670 1989 906 2073 trepidantibus
930 1988 1034 2054 audax

123 2077 238 2141 Crasso
260 2077 345 2142 mole
367 2079 446 2164 Le0‚
471 2100 566 2162 quem
588 2078 643 2143 vix
667 2077 820 2161 Cyclopia
844 2077 949 2141 solum

121 2165 309 2249 Aequatura
332 2167 445 2252 fames,
470 2189 564 2250 quem
587 2167 783 2231 3031313113
807 2164 944 2230 Celaeno

121 2255 288 2341 Vincerat·2
309 2256 385 2320 hinc
406 2277 525 2320 nomen
547 2255 650 2320 fertur
672 2255 826 2319 meruisse
848 2254 975 2318 Leonis.

120 2342 205 2408 Acer
227 2345 262 2407 in
285 2345 434 2409 absentes
457 2344 586 2429 linguae
608 2345 759 2429 iactator,
783 2343 950 2408 abundans
1085 2358 1138 2407 380

123 2430 282 2515 Corporis
299 2432 497 2518 exiguusque
521 2432 631 2518 animi,
655 2432 860 2497 doctissimus
884 2432 963 2499 artis

122 2519 291 2596 Quondam
313 2521 472 2606 lanificae,
495 2522 678 2587 moderator
698 2521 836 2605 pectinis
858 2521 941 2585 unci.
1029 2568 1036 2579 .

122 2607 199 2674 Non
222 2609 304 2673 alius
328 2610 435 2674 lanam
457 2610 605 2696 purgatis
629 2610 778 2674 sordibus
802 2631 902 2694 aeque
940 2662 943 2669 .

122 2697 311 2762 Praebuerit
335 2698 487 2783 calathis,
511 2699 626 2762 similis
648 2721 707 2762 nec
729 2698 863 2784 pinguia
887 2699 1058 2781 quisquam

122 2782 252 2850 Vellera
274 2792 467 2870 pertenues
490 2786 566 2850 ferri
588 2787 763 2870 producere
786 2787 892 2851 rimas
1086 2802 1139 2851 385

123 2873 214 2939 Tunc
236 2873 320 2939 Aiax
343 2878 412 2940 erat
434 2875 586 2958 Eutropii
608 2875 736 2958 lateque
759 2875 929 2959 fremebat,

122 2962 199 3028 Non
223 2968 346 3047 septem
362 2968 460 3029 ¹uasto
484 2964 633 3048 quatiens
655 2965 795 3028 umbone
818 2965 983 3049 iuvencos,

20 3131 23 3137 ,
124 3051 200 3138 Sed,
224 3074 321 3136 quam
343 3053 507 3136 perpetuis
530 3053 667 3136 dapibus
689 3053 847 3139 pigroque
871 3053 963 3117 sedili

122 3139 213 3206 Inter
236 3164 316 3206 anus
338 3142 486 3225 interque
510 3143 599 3206 colos
623 3145 823 3226 oneraverat,
847 3142 963 3206 alvum.

52 3232 56 3237 '
123 3229 282 3316 Adsurgit
304 3231 434 3296 tandem
456 3252 630 3314 vocemque
653 3230 813 3314 expromit
835 3230 997 3295 anhelam:
1088 3244 1141 3294 333

191 3318 283 3396 ‘Quis
292 3341 395 3383 novus
410 3319 463 3382 hic
471 3323 592 3404 torpor,
607 3320 709 3383 socii?
723 3340 864 3403 quonam
878 3341 980 3402 usque
995 3318 1143 3383 sedemus

98 3406 284 3472 -Femineis
308 3407 409 3472 clausi
431 3407 583 3472 thalamis
606 3408 811 3492 patimurque
835 3408 992 3492 periclum

126 3495 268 3562 Clisccro
292 3496 434 3560 desidia?
481 3495 672 3562 Graviorum
694 3498 791 3561 turba
813 3497 973 3561 malorum
