2438 3832
97 187 299 243 CARMINVM
312 187 440 242 MINOR.
457 186 732 256 CORPVSCVLVM,
747 185 1017 243 annu-XXVII.
1049 186 1115 260 235

97 350 145 415 Et
167 350 250 435 petit
273 350 431 414 alternam
454 350 589 414 totidem
611 371 669 434 per
691 351 805 414 funera
827 349 936 413 vitam.

99 439 249 522 Namque
271 438 328 503 ubi
351 439 439 502 mille
462 439 532 504 vias
554 439 734 525 longinqua
756 438 923 503 retorserit
946 440 1065 522 aestas,

96 528 163 592 Tot
186 527 310 591 ruerint
332 527 467 613 hiemes,
490 528 611 592 totiens
633 550 690 592 ver
713 527 861 591 cursibus
884 530 1004 610 actum,

98 615 188 693 Quas
210 616 288 681 tulit
310 620 497 702 autumnus,
521 616 643 681 dederit
667 616 846 681 cultoribus
868 616 1013 679 umbras:

99 704 184 768 Tum
206 705 319 769 multis
343 705 472 791 3111101
495 706 626 771 tandem
649 705 858 791 subiungitur
881 704 974 767 annis
1082 719 1116 767 30

100 793 294 858 Lustrorum
316 816 451 861 numero
475 795 593 860 victus:
617 816 675 859 ceu
697 794 784 858 11111
806 791 958 877 procellis
1138 816 1143 823 ·

100 881 212 946 Ardua
236 881 391 947 Caucasio
414 887 509 947 nutat
532 883 570 947 de
593 882 733 948 culmine
755 883 852 967 pinus

99 970 213 1036 Seram
235 971 432 1056 ponderibus
454 971 566 1056 pronis
589 976 734 1036 tractura
756 971 897 1056 ruinam3

99 1058 181 1123 Pars
205 1060 290 1123 cadit
313 1059 446 1124 adsiduo
469 1062 563 1146 flatu,
585 1083 660 1144 pars
683 1061 787 1124 imbre
808 1081 922 1144 peresa

100 1148 289 1233 Rumpitur,
313 1149 455 1231 abripuit
477 1152 603 1231 partem
625 1149 743 1213 vitiosa
766 1151 920 1212 vetustas.
1083 1162 1117 1210 35

168 1235 238 1300 Iam
260 1237 357 1301 breve
381 1237 535 1301 decrescit
559 1237 668 1301 lumen
690 1238 888 1323 languetque
911 1234 1004 1299 senili

100 1324 218 1410 Segnis
242 1325 337 1389 stella
359 1326 449 1411 gelu,
473 1325 578 1408 qualis
602 1347 675 1390 cum
697 1325 782 1389 forte
804 1327 934 1388 tenetur

99 1412 254 1477 Nubibus
277 1417 309 1476 et
333 1413 431 1477 dubio
454 1414 598 1478 vanescit
623 1413 763 1497 Cynthia
786 1434 894 1477 comu.

102 1500 171 1565 Iam
195 1501 272 1566 solit
258 1505 310 1566 tae
333 1503 455 1566 medios
479 1504 586 1567 alaet
587 1524 791 1566 ranscurrere
813 1501 943 1566 nimbos

101 1590 198 1653 Vix
190 1595 291 1654 rmat
277 1591 439 1656 tolluntur
461 1591 569 1655 humo
606 1591 690 1654 Tum
712 1591 859 1655 conscius
884 1591 954 1655 aevi
1085 1606 1120 1655 40

101 1678 256 1742 Defuncti
229 1678 467 1762 treducisque
489 1702 607 1765 parans
631 1679 761 1743 exordia
783 1679 906 1744 formae

102 1764 278 1831 Arentest
264 1767 381 1850 tepidis
405 1768 444 1831 de
468 1769 606 1833 collibus
630 1767 722 1854 eligit
708 1766 862 1831 therbas

102 1854 148 1919 Et
171 1856 369 1919 ttumulum
355 1860 468 1920 texens
490 1861 562 1940 pret
562 1858 633 1921 iosa
655 1856 769 1920 fronde
793 1854 952 1920 Sabaeum

103 1943 277 2027 Componit
282 1997 291 2029 ‚
263 1944 390 2008 tbuts
377 1948 510 2027 tumque
534 1944 597 2008 sibi
619 1950 812 2028 partumque
834 1944 989 2008 futurum.

170 2032 233 2096 Hic
257 2033 345 2097 sedet
369 2036 401 2097 et
424 2032 533 2098 Solem
556 2033 675 2097 blando
699 2034 850 2118 clangore
874 2033 995 2096 salutat
1085 2049 1120 2097 45

103 2120 251 2185 Debilior
272 2122 449 2204 miscetque
471 2144 582 2205 preces
605 2144 642 2186 ac
665 2121 809 2205 supplice
832 2124 930 2184 cantu

103 2209 310 2273 Praestatura
332 2232 433 2274 novas
456 2211 540 2274 11161
563 2209 709 2274 incendia
732 2209 846 2292 poscit.

104 2297 207 2375 Quem
229 2298 344 2381 procul
366 2299 512 2362 adductis
535 2298 616 2363 vidit
640 2320 713 2362 cum
735 2297 886 2362 Phoebus
909 2297 1058 2383 habenis,

36 2398 40 2403 '
104 2385 178 2451 Stat
202 2387 310 2451 subito
335 2387 493 2470 dictisque
515 2387 606 2470 pium
629 2387 754 2451 solatur
776 2387 955 2450 alumnum:

105 2473 145 2539 ‘0
169 2476 294 2540 senium
316 2476 404 2560 posit
404 2498 461 2540 ure
485 2498 566 2563 rogo
589 2476 745 2559 falsisque
769 2474 925 2559 sepulcris
1087 2493 1122 2541 50

104 2563 239 2629 Natales
262 2564 354 2630 habit
340 2570 412 2629 ture
434 2565 520 2629 vices
528 2565 616 2650 ,qui
640 2586 733 2648 saepe
756 2563 881 2628 renasci

104 2653 216 2717 Exitio
240 2652 435 2756 proprioque
460 2618 544 2718 soles
567 2654 741 2738 pubescere
765 2653 845 2738 leto,

104 2740 223 2825 Accipe
245 2742 440 2826 principium
462 2765 575 2806 rursus
599 2764 779 2826 corpusque
803 2745 950 2805 coactum

105 2829 232 2894 Desere.
269 2830 376 2895 Mutat
377 2831 534 2894 amelior
555 2831 692 2914 procede
715 2829 840 2914 figura?

172 2917 261 2982 Haec
283 2919 371 2983 fatus
393 2941 529 3003 propere
552 2919 645 2983 flavis
668 2940 685 2981 6
709 2917 852 2981 crinibus
874 2940 975 2981 unum
1088 2937 1123 2984 55

106 3005 270 3070 Gonoussa
293 3007 414 3072 cervice
437 3007 514 3070 iacit
537 3007 701 3088 missoque
723 3005 886 3069 volentem

104 3093 209 3157 Vitali
232 3095 358 3182 fulgore
382 3095 466 3159 ferit.
502 3093 572 3158 Iam
596 3097 711 3178 sponte
735 3098 895 3158 crematur

105 3182 151 3247 Vt
175 3183 284 3247 redeat
307 3185 488 3270 gaudetque
511 3183 595 3247 mori
617 3182 755 3247 festinus
778 3183 813 3246 in
836 3187 952 3247 ortum.

105 3271 221 3336 Fervet
246 3271 397 3337 odoratus
420 3273 495 3338 telis
519 3271 712 3336 caelestibus
736 3293 835 3358 agger

108 3359 342 3442 Consumitque
366 3383 481 3426 senem.
518 3361 650 3427 Nitidos
674 3361 854 3445 stupefacta
876 3360 1029 3424 iuvencos
1089 3377 1123 3424 60

106 3450 198 3514 Luna
220 3448 338 3532 premit
360 3450 536 3537 pigrosque
558 3449 654 3535 polus
676 3471 744 3513 non
767 3450 907 3513 concitat
931 3471 1006 3513 1161

106 3538 310 3604 Parturiente
333 3560 429 3625 rogo:
453 3537 856 3624 111111111111111110111ἱ
