2438 3832
458 747 768 821 FESOENNINA

228 890 291 962 DE
319 889 513 962 NVPTIIS
542 891 745 962 HONORII
773 889 993 965 Avcvsrl.

554 1061 575 1116 1.
595 1061 666 1130 (m.)

169 1171 324 1254 Princeps
348 1192 480 1234 corusco
505 1170 608 1233 sidere
631 1169 812 1256 pulchrior,

101 1260 233 1324 Parthis
257 1260 395 1345 sagittas
418 1259 548 1323 tendere
572 1258 710 1344 doctior,

101 1349 211 1432 Eques
236 1348 369 1412 Gelonis
393 1348 611 1432 imperiosior,

103 1436 191 1513 Quae
215 1437 312 1522 digna
335 1437 454 1501 mentis
477 1437 548 1500 laus
572 1436 633 1500 erit
657 1437 798 1501 arduae?

103 1524 191 1601 Quae
215 1526 313 1611 digna
336 1526 458 1589 formae
481 1526 552 1589 laus
577 1525 638 1590 crit
662 1525 797 1612 igneae?

100 1614 146 1679 Te
170 1614 257 1678 Leda
280 1614 392 1678 mallet
417 1637 512 1697 quam
536 1614 610 1678 dare
636 1613 815 1700 Castorem3

100 1703 248 1768 Praefert
272 1703 395 1766 Achilli
418 1707 450 1767 te
474 1703 606 1786 proprio
630 1702 752 1788 Thetis3

100 1792 233 1857 Victum
256 1792 378 1855 fatetur
400 1792 499 1856 Delos
523 1790 722 1877 Apollinem3

102 1880 212 1946 Credit
235 1881 393 1945 minorem
415 1880 519 1964 Lydia
541 1881 703 1944 Liberum.

169 1970 218 2034 Tu
243 1992 315 2033 cum
338 1992 395 2053 per
419 1971 501 2033 altas
525 1970 664 2055 impiger
686 1969 779 2033 ilices

99 2059 204 2123 Freno
229 2059 364 2122 citatum
388 2059 592 2141 cornipedem
615 2080 707 2143 reges

99 2148 290 2230 Ludentque
313 2147 419 2211 ventis
443 2147 612 2211 instabiles
637 2169 761 2231 comae,

100 2237 188 2300 Telis
212 2237 363 2300 iacebunt
388 2241 502 2319 sponte
525 2236 591 2299 tuis
615 2236 701 2299 ferae

101 2323 314 2408 Gaudensque
338 2325 438 2388 sacris
461 2325 649 2389 vulneribus
672 2325 723 2388 leo

100 2412 261 2478 Admittat
284 2414 412 2478 hastam
435 2418 539 2477 morte
563 2414 740 2497 superbior.

100 2501 211 2566 Venus
235 2525 398 2566 reversum
423 2502 546 2586 spernit
569 2501 764 2587 Adonidem,

98 2591 241 2655 Damnat
264 2591 431 2655 reductum
455 2591 596 2674 Cynthia
618 2591 778 2655 Virbium.

169 2679 249 2743 (lum
272 2685 347 2763 post
370 2680 498 2743 labores
522 2680 582 2743 sub
606 2680 730 2764 platani
752 2681 842 2744 voles

99 2767 246 2836 Virentis
269 2769 384 2832 umbra
407 2769 458 2832 vel
481 2769 589 2855 gelido
614 2790 710 2853 specu

99 2857 340 2921 Torrentiorem
364 2858 476 2921 fallere
500 2857 621 2923 Sirium

97 2946 143 3010 Et
167 2947 311 3010 membra
335 2969 448 3011 somno
472 2947 557 3010 fessa
581 2945 767 3010 resolveris:

98 3033 126 3098 Ο
151 3042 291 3119 quantus
314 3041 386 3099 uret
409 3040 479 3099 tum
502 3035 648 3118 Dryadas
673 3035 772 3098 calori

100 3122 186 3199 Quot
211 3129 395 3189 aestuantes
419 3124 555 3208 ancipiti
578 3123 681 3209 gradu

96 3211 232 3277 Furtiva
256 3219 387 3297 carpent
412 3213 521 3278 oscula
544 3212 679 3278 Naides!

171 3413 202 3460 11
223 3408 326 3479 Freno]
347 3408 497 3476 Halmium
515 3407 629 3477 praedo,
648 3406 768 3478 praeda.
