2438 3832
108 149 175 217 220
274 189 275 194 1
437 151 584 208 CLAVDII
601 150 802 207 CLAVDIANI

493 366 566 422 xm.
585 365 735 437 (namn.)

25 505 32 519 ·
139 480 184 538 IN
207 479 432 541 PODAGRVM
455 482 523 553 Qvi
545 481 730 541 OARNHNA
753 480 831 540 SVA
853 478 940 540 NON
964 479 1093 538 STARE

524 586 708 648 Dionnum.

107 703 194 781 Quae
217 705 281 770 tibi
308 729 381 770 cum
402 707 539 791 pedibus
566 707 673 771 ratio?
717 705 801 783 Quid
824 705 965 770 carmina
989 705 1127 789 culpas?

29 806 32 811 ’
151 792 309 859 Scandere
332 795 388 879 qui
410 796 529 881 nescis,
551 795 727 860 versiculos
751 789 895 859 laceras?

106 882 286 948 ‘Claudicat
308 883 361 948 hic
383 906 508 970 versus3
531 884 622 948 haec?
645 884 752 968 inquit
776 883 915 968 ‘syllaba
937 883 1044 946 nutat'
1170 941 1175 953 ,

148 971 258 1056 Atque
281 973 365 1037 nihil
386 995 520 1058 prorsus
545 977 629 1037 stare
652 976 747 1056 putat
769 973 920 1058 podager.
957 1060 960 1064 Δ

486 1147 558 1203 xiv.
578 1147 739 1218 (annun.)

273 1263 329 1321 AD
352 1263 547 1322 MAXIMVM
571 1261 640 1332 QVI
662 1262 705 1320 EI
726 1262 810 1320 MEL
833 1261 951 1320 mam.
1007 1282 1009 1286 ⁴

103 1362 219 1427 Dulcia
242 1362 326 1427 dena
348 1363 429 1426 mihi
452 1385 578 1447 semper
600 1367 650 1448 tu,
673 1362 827 1446 Maxime,
850 1362 967 1446 mittis,

147 1452 206 1537 Et,
229 1451 385 1536 quidquid
406 1451 527 1536 mittis,
550 1452 647 1516 mella
668 1455 783 1536 putare
808 1452 905 1516 decet.

483 1625 543 1680 xv.
563 1625 738 1696 (aarum.)
805 1628 809 1636 ·

377 1759 430 1817 DE
454 1758 640 1818 PAVPERE
664 1759 842 1818 AMANTE.

99 1876 279 1961 Paupertas
302 1898 352 1940 me
376 1898 471 1941 saeva
494 1875 603 1940 domat
627 1877 779 1961 dirusque
804 1875 942 1960 Cupido:

146 1965 209 2031 Sed
231 1965 398 2029 toleranda
420 1965 535 2051 fames,
558 1987 625 2030 non
648 1965 834 2030 tolerandus
857 1987 955 2029 amor.

388 2143 389 2148 ¹
521 2139 594 2194 xvr.
615 2140 693 2209 (xc.)

496 2255 560 2322 nn,
574 2253 722 2334 aenan.

100 2357 256 2421 Esuriens
278 2378 401 2440 pauper
424 2355 499 2420 telis
522 2355 675 2420 incendor
697 2357 824 2421 amoris.

107 2450 112 2459 '
144 2444 233 2508 luter
255 2449 428 2527 utrumque
451 2443 573 2507 malurn
596 2444 702 2531 deligo
725 2447 918 2529 pauperiem.

526 2618 612 2673 nvn.
632 2619 688 2690 (a.)

150 2753 204 2811 DE
229 2751 306 2811 PIIS
329 2751 556 2811 ERATRIBVS
579 2752 631 2810 ΕΤ
654 2752 708 2810 DE
733 2751 901 2811 STATVIS
924 2748 1091 2810 EORVM.

317 2857 424 2927 QVAE
449 2858 552 2918 SVNT
575 2858 685 2917 APVD
710 2857 899 2919 CATINAM.

97 2976 237 3059 Adspice
262 2976 413 3052 sudantes
437 2977 617 3042 venerando
640 2979 781 3062 pondere
804 2979 935 3064 fratreS,

141 3065 261 3130 Divino
284 3065 418 3129 meritos
443 3087 567 3149 semper
589 3067 712 3131 honore
736 3067 814 3152 ccli,

97 3154 188 3219 Iusta
212 3153 330 3238 quibus
354 3153 482 3237 rapidae
507 3155 602 3219 cessit
625 3155 804 3220 reverentia
827 3157 974 3220 flammae

141 3244 186 3308 Et
209 3242 325 3307 mirata
348 3265 448 3328 vagas
471 3244 612 3326 reppulit
634 3244 741 3309 Aetna
763 3245 857 3310 faces

98 3422 265 3506 Complexi
288 3421 439 3485 manibus
462 3421 565 3485 fultos
589 3423 708 3487 cervice
731 3427 880 3506 parentes
1097 3442 1116 3491 5

133 3511 308 3591 Attollunt
330 3510 441 3576 vultus
465 3512 706 3596 accelerantque
729 3512 857 3599 gradus.
