2438 3832
96 151 209 222 (XXII.)
222 149 271 204 DE
285 149 433 207 CONSVL.
449 151 676 207 STILICHONIS
691 152 800 209 Llsslaa
814 153 1010 210 SECVNDVS.
1047 153 1105 218 161

98 313 279 380 Eucherius
302 315 452 379 flectebat
476 337 596 399 equum
616 315 798 398 iaculisque·
815 315 867 380 vel
890 337 966 380 arcu

99 402 208 468 Aurea
230 425 409 487 purpureos
432 404 586 469 tollentes
609 426 729 469 cornua
752 416 866 468 cervos

99 491 228 556 Aureus
250 493 320 575 ipse
343 493 426 557 ferit.
462 492 581 574 Venus
596 493 650 558 hic
672 494 798 558 invecta
821 493 979 559 columbis

99 581 210 646 Tertia
232 581 334 668 regali
355 582 463 668 iungit
486 582 743 668 conubianexu,

99 670 301 753 Pennatique
323 691 441 734 nurum
464 671 747 755 circumstipantur
768 669 905 736 Amores

99 758 310 845 Progenitam
331 758 491 846 Augustis
514 758 800 847 Augustorumque
823 771 975 826 sororem.

101 846 282 911 Eucherius
305 849 431 932 trepido
453 849 518 912 iam
541 849 688 913 flammea
711 849 860 914 subleva-t
882 871 936 914 ore

102 936 263 1022 Virginis,
286 936 410 1001 adridet
432 941 519 1002 retro
543 937 751 1002 Thermantia
773 937 875 1002 fratri.

101 1023 173 1089 lam
195 1025 309 1089 domus
331 1025 411 1090 haec
432 1030 571 1109 utroque
593 1026 676 1110 petit
699 1026 877 1090 diademata
900 1048 978 1091 sexu
1064 1044 1116 1093 360

102 1114 309 1200 Reginasque
331 1115 417 1198 parit
440 1116 686 1201 reginarumque
708 1115 851 1178 maritos.

171 1202 306 1266 Talibus
328 1204 447 1268 invitat
469 1204 561 1268 donis
585 1203 759 1286 dextraque
782 1204 957 1289 gerendum

103 1292 189 1356 Diva
212 1291 309 1356 simul
330 1292 475 1376 porrexit
497 1292 590 1378 ebur3
614 1292 826 1356 sollemnibus
846 1299 962 1357 urnam

106 1380 296 1445 Commouet
317 1382 469 1465 auspiciis
492 1380 669 1464 avibusque
691 1381 820 1465 incepta
843 1382 1004 1447 secundat.

104 1469 196 1534 Tunc
218 1468 343 1533 habiles
366 1471 463 1534 armis
486 1491 614 1535 umeros
636 1471 701 1534 iam
723 1470 875 1535 vestibus
891 1471 993 1536 ambit
1066 1480 1117 1537 aaa

104 1558 286 1644 Romuleis,
308 1558 395 1622 Latii
418 1559 568 1622 sedenmt
590 1563 719 1643 pectore
743 1560 850 1624 cultus

104 1647 301 1729 Loricaeque
324 1648 432 1712 locum
454 1648 560 1712 decuit
583 1651 669 1734 toga.
705 1647 799 1712 Talis
817 1649 858 1713 ab
881 1647 1002 1714 Histro·

106 1735 169 1799 Vel
192 1734 343 1819 Scythico
366 1736 470 1800 victor
492 1736 617 1800 rediens
642 1735 800 1801 Gradivus
823 1738 864 1802 ab
887 1759 945 1803 axe

105 1824 264 1908 Deposito
287 1825 376 1888 mitis
399 1825 501 1909 clipeo
525 1825 736 1890 candentibus
757 1826 874 1891 urbem·

106 1911 292 2000 Ingreditur
314 1913 480 1978 trabeatus
504 1914 608 2000 equis,
632 1915 775 1998 spatiosa
799 1914 950 1992 Quirinus
1070 1933 1101 1955 Τ

106 2001 212 2066 Frena
234 2002 318 2089 regit
342 2024 533 2086 currumque
555 2003 658 2087 patris
680 2003 816 2067 Bellona
839 2008 1008 2068 cruentum

107 2090 241 2155 Ditibus
265 2092 387 2155 exuviis
410 2091 545 2156 tendens
568 2092 608 2156 ad
632 2092 734 2156 sidera
758 2102 913 2175 quercum

107 2179 286 2265 Praecedit,
309 2180 468 2263 lictorque
490 2180 598 2244 Metus
622 2180 816 2250 cumfratre
837 2179 961 2245 Pavore

109 2268 253 2334 Barbara
275 2268 404 2332 ferratis
426 2269 595 2333 innectunt
618 2268 702 2332 colla
725 2269 846 2333 catenis

109 2357 219 2423 Velati
241 2357 349 2443 galeas
372 2357 478 2443 lauro,
500 2358 697 2441 propiusque
720 2357 844 2444 iugales

109 2445 261 2512 Formido
284 2447 449 2532 ingentem
470 2446 578 2510 vibrat
601 2446 763 2510 succincta
786 2447 930 2512 securim.

177 2534 269 2599 Vidit
290 2538 328 2598 ut
352 2539 464 2618 optato
489 2557 522 2599 se
546 2535 676 2598 consule
699 2534 803 2599 Roma
824 2536 975 2620 potitam:

111 2622 239 2689 ‘Nunc'
263 2623 309 2687 ait
333 2623 454 2707 ‘Elysii
476 2623 567 2688 lucos
589 2624 771 2707 inrumpere
795 2625 912 2711 campi«,

111 2713 207 2778 Nunc
229 2712 323 2797 libet,
346 2715 384 2775 ut
399 2713 491 2797 tanti
515 2711 620 2776 (liniis
642 2712 798 2777 miracula
819 2714 888 2777 voti

110 2801 332 2883 Fabriciisque
355 2800 469 2887 feram,
492 2801 595 2865 famae
619 2801 675 2885 qui
697 2801 828 2866 vulnere
850 2823 953 2885 nuper
1071 2819 1124 2869 380

112 2890 276 2954 Calcatum
299 2890 414 2954 flevere
436 2894 560 2976 togam:
582 2890 648 2954 iam
670 2894 763 2974 prata
786 2890 910 2954 choreis

111 2979 248 3044 Pulsent
269 3000 329 3042 nec
351 2978 473 3065 rigidos
495 2978 614 3063 pudeat
637 2978 753 3044 lusi-sse
777 2978 923 3044 (latonas.

112 3067 234 3132 Audiat
256 3067 319 3132 hoc
342 3069 449 3132 senior
470 3068 592 3132 Brutus
613 3067 795 3152 Poenisque
817 3068 973 3133 tremendi

113 3156 293 3242 Scipiadae,
317 3158 453 3243 geminis
476 3157 606 3222 tandem
629 3156 716 3240 quod·
737 3157 839 3222 libera
863 3157 987 3221 damnis

113 3245 219 3310 Vnius
242 3246 362 3311 auxilio
385 3247 488 3311 fasces
510 3246 710 3330 Libyamque
732 3247 845 3331 recepi.
1074 3262 1126 3313 385

114 3333 208 3411 Quod
232 3340 377 3419 superest
399 3359 500 3400 unum
521 3334 684 3420 precibus,
711 3334 886 3401 fortissime
910 3337 1051 3421 consul,-

114 3423 206 3487 Adde
229 3424 322 3510 meis,
344 3425 481 3508 urbique
504 3427 597 3488 tuum
619 3422 736 3509 largire
759 3446 943 3510 parumper,

115 3512 218 3589 Quem
241 3517 349 3599 rogat,
372 3513 556 3578 adventum:
581 3534 677 3596 quam
699 3516 737 3578 tu
759 3513 913 3600 belloque
933 3514 1092 3595 lamecpe

170 3627 308 3666 curvamur
322 3629 388 3680 01³2,
404 3629 437 3669 cd.
452 3628 543 3672 Koch.
900 3624 941 3672 lh
