2438 3832
115 150 159 216 90
444 149 592 206 charon
611 150 809 207 OhAVDIANl

329 314 465 378 Tractus
490 314 530 378 ab
555 315 629 378 aula
652 337 763 380 rursus
787 314 823 379 in
846 316 953 379 aulam
1117 335 1134 384 5

328 402 450 467 Redeat
474 403 616 490 sanguis,
661 404 769 469 Patris
794 404 912 468 officiis

326 490 429 578 Iunge
451 493 578 576 potenti
601 493 739 579 pignora
763 493 882 557 dextra.

329 579 433 644 Gener
455 580 598 668 Augusti
621 582 746 666 pridem
769 583 890 666 fueras,

325 669 422 734 Nunc
445 693 557 734 rursus
581 671 644 734 eris
669 693 759 735 socer
782 669 932 757 Augusti.

327 757 415 834 Quae
439 758 504 822 iam
527 759 633 823 rabies
657 759 771 824 livoris
796 759 879 824 erit?

325 845 388 910 Vel
411 847 484 930 quis
509 848 638 912 dabitur
662 849 751 913 color
775 848 937 912 invidiae?

326 933 464 1000 Stilicho
489 958 579 1001 socer
602 942 664 1022 est,
686 942 779 1021 pater
801 942 850 1002 est
874 936 1021 1002 Stilicho,

533 1271 579 1325 Ν.
603 1271 702 1341 (xxv.)

177 1377 342 1443 Attollens
365 1377 518 1442 thalamis
541 1378 680 1444 Idalium
704 1379 798 1443 iubar

106 1466 257 1532 Dilectus
280 1466 401 1531 Veneri
423 1468 569 1532 nascitur
591 1467 764 1553 Hesperus.

108 1554 177 1621 Iam
200 1560 320 1640 nuptae
343 1556 484 1641 trepidat
509 1557 670 1622 sollicitus
692 1557 809 1642 pudor,

107 1643 177 1708 Iam
199 1645 341 1728 produnt
364 1645 513 1709 lacrimas
536 1646 684 1710 flammea
708 1646 880 1730 simplices,

107 1732 158 1799 Ne
182 1755 284 1820 cessa,
308 1734 447 1820 iuvenis,
471 1735 651 1799 comminus
674 1735 819 1821 adgredi,

108 1820 273 1908 Impacata
296 1823 372 1887 licet
396 1824 518 1887 saeviat
541 1823 714 1909 unguibus.

106 1909 184 1976 Non
207 1913 379 1995 quisquam
402 1912 523 1976 fruitur
544 1912 630 1976 veris
654 1912 808 1976 odoribus

106 1999 273 2085 Hyblaeos
297 2000 431 2064 latebris
454 2023 514 2065 nec
537 2001 657 2085 spoliat
680 2001 785 2087 fauce,

108 2086 143 2153 Si
166 2089 268 2153 fronti
292 2093 415 2175 caveat,
440 2090 468 2153 si
491 2090 605 2155 timeat
628 2091 741 2175 rubos3

105 2176 221 2242 Armat
245 2178 338 2262 spina
360 2201 466 2264 rosas,
489 2179 586 2243 mella
608 2184 724 2265 tegrmt
747 2202 831 2263 apes.

108 2265 264 2332 Crescunt
289 2268 417 2332 difficili
440 2268 559 2354 gaudia
583 2268 690 2354 iurgio

104 2353 325 2438 Accenditque
348 2356 466 2441 magis,
490 2379 571 2439 quae
594 2357 729 2443 refugit,
752 2355 871 2421 Venus

106 2442 199 2519 Quod
221 2444 313 2508 flenti
336 2444 464 2529 tuleris,
487 2444 561 2528 plus
585 2445 670 2529 sapit
695 2446 848 2510 osculum.

104 2531 201 2595 Dices
225 2531 282 2595 ‘ol'
307 2533 470 2618 quotiens,
495 2533 568 2597 ‘hoc
590 2534 672 2597 mihi
697 2533 821 2598 dulcius

105 2618 208 2697 Quam
231 2621 333 2685 flavos
358 2621 483 2686 deciens
507 2623 634 2686 vincere
659 2621 847 2687 Sarmatas?

169 2708 343 2794 Adspirate
366 2733 483 2775 novam
506 2711 692 2795 pectoribus
716 2711 812 2775 fidem

103 2797 353 2883 Mansuramque
376 2800 479 2864 facem
502 2800 621 2864 tradite
645 2800 802 2864 sensibus.

102 2886 182 2950 Tam
205 2887 326 2952 iunctis
349 2889 499 2952 manibus
521 2889 642 2953 nectite
664 2888 807 2973 vincula,

102 2973 206 3052 Quam
229 2977 382 3041 frondens
406 2978 522 3041 hedera
546 2977 720 3063 stringitur
742 2977 889 3042 aesculus
896 3030 904 3062 ,

102 3063 205 3140 Quam
228 3066 316 3130 lento
339 3066 497 3150 premitur
520 3066 653 3149 palmite
676 3067 829 3151 populus,

101 3153 146 3217 ut
168 3177 314 3218 murmur
337 3155 471 3237 querula
493 3155 644 3219 blandius
668 3156 746 3219 alite

100 3242 238 3329 Linguis
262 3243 395 3308 adsiduo
419 3243 542 3308 reddite
568 3245 698 3309 mutuis.

100 3330 145 3396 Et
168 3331 269 3395 labris
293 3332 436 3396 animum
461 3333 710 3397 conciliantibus

100 3417 272 3485 Alternum
295 3421 401 3505 rapiat
425 3443 557 3486 somnus
581 3422 768 3487 anhelitum.

109 3506 259 3591 Amplexu
285 3509 386 3575 caleat
408 3532 552 3595 purpura
575 3511 666 3597 regio
