2438 3832
98 176 197 247 (VIII.)
214 173 397 229 Pandare.
412 172 459 226 DE
475 172 621 241 QVARTO
638 174 854 232 CONSVLATV
868 177 1030 235 HONORII.
1053 180 1118 246 123

100 337 231 403 Ionium
253 336 377 424 tegitur
399 336 479 401 velis
503 336 654 420 ventique
678 337 828 404 laborant

100 428 166 492 Tot
190 448 321 491 curvare
345 426 435 490 sinus
459 429 706 510 servaturasque
731 428 923 494 Corinthum

100 515 315 600 Prosequitur
337 515 425 578 facili
447 515 621 599 Neptunus
645 517 775 603 gurgite
799 518 932 605 classes,

101 605 147 670 Et
170 627 263 690 puer,
285 604 454 669 Isthmiaci
476 605 542 668 iam
564 604 688 689 pridem
711 606 818 670 litoris
842 608 929 694 exul,

102 693 220 759 Secura
244 694 361 778 repetit
383 697 498 777 portus
522 716 595 758 cum
618 699 721 758 matre
743 695 926 762 Palaemon.
1067 714 1120 764 400

100 782 252 847 Plaustra
276 804 388 847 eruore
411 785 539 846 natant:
562 783 696 847 metitur
718 784 832 869 pellita
854 785 1020 851 iuventus:

100 872 182 937 Pars
204 872 332 957 morbo,
354 894 430 956 pars
454 892 529 935 ense
552 871 645 955 perit.
690 871 767 937 Non
789 874 894 938 lustra
915 875 1048 962 Lycaei,

100 959 178 1025 Non
199 959 439 1045 Erymantheae
462 960 527 1024 iam
551 959 643 1044 copia
666 962 788 1026 sufficit
811 964 944 1028 umbrae

101 1049 284 1113 Innumeris
308 1053 422 1113 exusta
445 1049 548 1135 rogis,
569 1049 755 1133 nudataque
778 1052 864 1116 ferro

101 1138 155 1203 Sic
177 1139 332 1226 flagrasse
355 1161 430 1202 suas
453 1139 616 1202 laetantur
638 1136 787 1203 Maenala
810 1140 917 1204 silvae.
960 1210 961 1218 χ

102 1227 202 1313 Gerra,
226 1249 289 1311 qua
312 1249 378 1292 non
401 1225 572 1311 Scythicos
596 1227 743 1292 diffusior
765 1227 833 1292 ulla
856 1228 991 1294 Triones

100 1314 254 1402 Incoluit,
277 1316 330 1380 cui
352 1339 471 1400 parvus
494 1314 601 1380 Athos
626 1321 828 1402 angustaque
851 1317 988 1404 Thrace,

102 1403 183 1468 Cum
205 1405 373 1490 transiret,
396 1408 478 1491 erat,
501 1410 614 1489 perte
637 1406 786 1490 viresque
808 1411 940 1471 tuorum

100 1493 216 1558 Fracta
240 1494 357 1558 ducum
379 1494 534 1580 lugetque
559 1494 621 1558 sibi
643 1495 709 1559 iam
731 1517 804 1559 rara
828 1500 1006 1582 superstes,

99 1582 159 1668 Et,
183 1605 320 1666 quorum
342 1583 457 1647 turbae
481 1584 623 1667 spatium
645 1584 700 1648 vix
723 1585 873 1668 praebuit
897 1585 999 1672 orbiS,

99 1670 174 1735 Vno
199 1672 280 1735 colle
303 1671 414 1736 latent.
461 1670 582 1736 Sitiens
605 1672 793 1756 inclusaque
816 1674 903 1738 vallo

98 1761 239 1845 Ereptas
263 1760 421 1844 quaesivit
445 1782 559 1846 aquaS,
583 1783 663 1846 quas
686 1761 836 1826 hostibus
860 1767 934 1827 ante
1065 1780 1118 1830 480

101 1848 280 1936 Contiguas
304 1849 368 1913 alio
393 1848 530 1913 Stilicho
555 1850 727 1914 deflexerat
750 1873 827 1915 arou

98 1937 336 2021 Mirantemque
358 1959 459 2002 noras
482 1938 596 2025 ignota
618 1961 676 2023 per
698 1939 770 2003 avia
792 1940 893 2006 valles

98 2026 242 2093 Iusserat
266 2048 378 2091 averso
402 2028 537 2092 fluvium
560 2028 700 2114 migrare
722 2032 839 2094 meatu.
1063 2047 1116 2097 488

98 2117 254 2182 Excutiat
277 2116 398 2180 cineres
421 2116 567 2202 Ephyre,
591 2115 770 2201 Spartanus
793 2122 826 2181 et
848 2115 951 2182 Arcas
1064 2136 1116 2185 471

99 2205 216 2270 Tutior
238 2205 394 2291 exanguis
417 2205 553 2289 pedibus
576 2205 741 2290 proculcet
764 2227 895 2271 acervos

97 2295 262 2378 Fessaque
284 2293 427 2378 pensatis
450 2294 587 2379 respiret
611 2292 745 2360 Graecia
766 2295 893 2379 poenis!
1064 2314 1116 2364 473

167 2383 270 2448 Obvia
294 2382 371 2466 quid
393 2383 512 2447 mirum
534 2383 633 2469 vinci,
656 2406 730 2448 cum
752 2384 911 2449 barbarus
934 2384 1021 2451 ultro
1063 2403 1117 2453 484

99 2472 169 2538 lam
193 2472 301 2556 cupiat
325 2471 444 2537 servire
466 2472 550 2536 tibi?
595 2472 665 2537 Tua
688 2471 836 2538 Sarmata
859 2473 982 2539 discors
1064 2492 1116 2543 485

99 2561 307 2627 Sacramenta
328 2561 424 2647 petit,
446 2561 590 2645 proiecta
611 2562 696 2646 pelle
719 2560 862 2627 Gelonus

98 2650 235 2737 Militat,
258 2650 293 2715 in
313 2650 426 2714 Latios
449 2650 532 2715 ritus
556 2650 720 2715 transistis
743 2650 850 2716 Alani.

98 2740 145 2804 Vt
168 2740 269 2804 fortes
292 2738 328 2803 in
349 2738 454 2803 Marte
476 2739 564 2803 viros
587 2739 767 2823 animisque
789 2745 935 2827 paratos,

99 2828 153 2893 Sio
176 2829 280 2893 iustos
303 2828 338 2891 in
360 2850 438 2912 pace
461 2827 544 2914 legis
565 2828 764 2914 longumque
786 2829 889 2894 tueris

98 2918 232 2983 Electos
256 2916 377 2982 crebris
399 2937 459 2980 nec
481 2916 726 2980 succedentibus
749 2939 855 3003 urges.
1062 2936 1115 2986 400

97 3007 264 3074 Iudicibus
287 3005 375 3070 notis
398 3005 554 3092 regimur,
576 3004 777 3088 fruimurque
801 3005 920 3089 quietis

97 3097 300 3181 Militiaeque
322 3094 431 3180 bonis,
455 3115 513 3158 ceu
535 3094 692 3158 bellatore
717 3093 865 3180 Quirino,

100 3187 167 3252 Ceu
189 3184 316 3271 placido
339 3184 525 3248 moderante
546 3181 663 3248 Numa.
708 3181 785 3248 Non
807 3182 943 3248 inminet
966 3184 1068 3270 ensis,

97 3275 218 3341 Nullae
239 3273 400 3340 nobilium
423 3272 547 3358 caedes,
569 3293 637 3337 non
659 3271 793 3336 crimina
814 3272 914 3359 vulgo

96 3365 279 3451 Teximtur3
302 3361 408 3446 patria
429 3364 573 3426 maestus
594 3383 662 3426 non
683 3360 826 3427 truditur
848 3361 936 3448 exul3
1062 3378 1116 3429 400

170 3564 312 3613 err-473
326 3561 392 3625 post
410 3558 462 3609 483
480 3555 641 3627 composui·
659 3559 774 3612 aucae
792 3555 832 3610 B.
877 3551 885 3577 ¹
