2438 3832
101 116 200 188 (XXI.)
214 116 263 171 DE
279 115 495 174 CONSVLATV
510 118 736 177 STILIOHONIS
749 121 859 178 LIBER
872 123 1018 181 PRIMVS.
1052 128 1118 194 145

99 279 247 345 Arebant
270 281 372 345 tantis
395 282 483 365 epoti
505 282 638 348 milibus
662 305 780 349 amnes.

98 368 268 454 Illyricum
289 372 428 453 peteres:
452 372 557 455 campi
580 375 770 457 montesque
793 373 947 443 latebant.

99 458 265 523 Vexillum
286 459 401 524 navale
424 460 527 524 dares:
552 460 612 537 sub
635 462 799 546 puppibus
822 463 892 528 ibat

97 545 236 612 Ionium.
272 546 409 613 Nullum
432 550 595 615 succincta
619 548 776 615 Ceraunia
797 551 917 617 nimbis

99 635 169 702 Nec
191 636 268 723 iuga
290 636 448 706 Leucatae
471 637 588 703 feriens
612 639 796 722 spumantia
817 641 919 706 fluctu
1064 659 1116 709 110

98 725 292 790 Deterrebat
315 726 426 790 hiems.
463 727 513 791 Tu
536 728 564 791 si
587 727 723 814 glaciale
745 729 872 794 iuberes

98 813 270 900 Vestigare
293 814 422 901 fretum,
446 837 557 880 securo
580 817 684 881 milite
707 817 795 882 ducti

98 901 224 989 Stagna
246 904 442 968 reluctantes
466 909 635 988 quaterent
659 904 810 972 Saturnia
832 906 926 992 remi3

98 990 135 1057 Si
158 989 284 1056 deserta
306 991 396 1079 Noti,
420 993 544 1058 fontem
567 994 595 1058 si
619 1016 770 1077 quaerere
792 995 871 1081 Nili,

97 1079 298 1164 Aethiopum
320 1081 442 1154 medios
464 1087 687 1166 penetrassent
709 1083 781 1148 vela
803 1105 961 1168 vapores„
1063 1101 1115 1151 180

166 1169 211 1234 Te
234 1191 357 1234 memor
378 1171 530 1256 Eurotas,
553 1176 585 1236 10
608 1171 729 1236 rustica
751 1170 846 1236 Musa
867 1173 994 1258 Lycaei,

97 1257 144 1322 Te
166 1259 323 1341 pastorali
345 1259 553 1324 modulantur
575 1259 723 1325 Maenala
746 1264 842 1324 cantu

95 1346 373 1430 Partheniumque
395 1371 518 1434 nemus,
542 1349 629 1433 quod
651 1353 683 1413 te
706 1354 871 1436 pugnante
894 1371 1066 1438 resurgens

99 1434 208 1522 Aegra
231 1440 327 1519 caput
350 1437 463 1502 mediis
487 1438 588 1503 erexit
611 1437 745 1503 Graecia
767 1439 913 1504 flammis.

98 1524 244 1588 Plurima
266 1524 458 1591 Parrhasius
480 1530 559 1591 tunc
581 1527 666 1592 inter
689 1549 824 1611 corpora
846 1527 959 1592 Ladon
1063 1545 1114 1596 180

98 1613 213 1677 Haesit
237 1617 269 1677 01
292 1612 438 1697 Alpheus
462 1613 583 1680 Geticis
606 1620 764 1702 angustus
787 1617 909 1681 0001110

97 1701 235 1766 Tardior
258 1702 298 1767 ad
321 1701 447 1769 Siculos
471 1704 654 1769 etiamnunc
676 1705 784 1790 pergit
807 1726 940 1770 amores.

166 1790 322 1855 Miramur
345 1792 466 1875 rapidis
488 1793 616 1858 hostem
639 1793 845 1857 succumbere
868 1793 973 1879 bellis,

99 1878 182 1944 Cum
205 1880 275 1944 solo
298 1884 422 1945 terrore
444 1882 562 1946 ruant?
598 1881 676 1947 Non
699 1882 833 1946 classica
855 1880 988 1946 Francis

96 1966 284 2033 Intulimus:
307 1969 433 2034 iacuere
456 1974 573 2034 tamen.
608 1969 686 2036 Non
707 1969 812 2035 Marte
836 1968 960 2036 Suebos
1061 1987 1112 2037 100

98 2055 321 2142 contudimus,
345 2059 418 2141 quis
440 2059 511 2123 iura
534 2059 655 2123 damus.
691 2057 770 2134 Quis
794 2059 920 2123 credere
942 2059 1069 2143 possit?

96 2142 185 2208 Ante
208 2144 321 2207 tubam
343 2147 439 2208 nobis
462 2148 567 2213 audax
590 2146 761 2213 Germania
785 2147 892 2212 001111.

98 2232 231 2317 cedant,
253 2232 367 2318 Druse,
389 2234 448 2319 tui,
472 2234 594 2319 cedant,
617 2235 762 2319 Traiane,
784 2235 924 2320 labores:

98 2322 216 2385 Vestra
239 2343 353 2385 manus
377 2321 475 2386 dubio
500 2322 655 2406 quidquid
677 2322 859 2387 discrimine
882 2324 993 2409 gessit,

97 2410 335 2474 Transcurrens
358 2411 426 2498 egit
449 2410 585 2476 Stilicho
609 2411 808 2495 totidemque
831 2411 944 2476 diebus
1063 2430 1114 2480 195

97 2498 254 2563 Edomuit
277 2499 435 2585 Rhenum,
460 2504 539 2583 quot
561 2522 620 2565 100
642 2501 796 2584 potuistis
819 2501 854 2565 in
877 2501 984 2587 annis;

99 2587 202 2663 Quem
225 2587 323 2652 ferro:
348 2589 521 2675 adloquiis3
545 2611 640 2673 quem
662 2611 721 2654 100
745 2611 818 2654 oum
840 2589 956 2661 milite:
980 2589 1078 2656 solus.

97 2674 241 2762 Impiger
263 2700 282 2740 a
304 2678 409 2760 primo
433 2678 626 2743 descendens
648 2678 792 2742 fluminis
816 2682 890 2742 ortu

98 2763 151 2828 Ad
174 2765 291 2829 bifidos
314 2770 437 2830 tractus
461 2771 493 2831 01
515 2767 625 2831 iuncta
647 2766 820 2851 paludibus
844 2789 901 2830 ora

98 2852 303 2918 Fulmineum
325 2856 515 2939 perstrinxit
537 2856 612 2942 iter,
637 2855 728 2920 ducis
750 2856 890 2938 impetus
912 2855 1014 2920 undas
1060 2873 1112 2922 000

97 2942 258 3007 Vinoebat
282 2944 409 3029 0010100,
432 2948 464 3008 01
486 2967 550 3029 pax
573 2967 592 3009 a
615 2945 705 3009 fonte
727 2943 872 3027 profecta

100 3030 182 3096 Cum
204 3032 310 3096 Rheni
333 3033 496 3098 crescebat
519 3034 621 3117 aquis.
657 3032 806 3120 lugentia
829 3032 991 3116 quondam

98 3119 249 3206 Nomina,
272 3121 430 3208 crinigero
453 3122 608 3187 1101011100
631 3123 749 3188 vertice
772 3143 873 3208 reges,

99 3208 161 3286 Qui
184 3231 243 3285 nec
265 3211 465 3295 principibus
488 3211 581 3275 donis
604 3212 816 3295 precibusque
839 3210 943 3275 vocat'

98 3298 287 3386 Paruerant,
309 3300 389 3380 iussi
412 3304 586 3384 properant
610 3301 764 3387 segnique
786 3302 938 3363 verentur
1061 3316 1114 3365 205

99 3386 278 3451 Offendisse
301 3410 404 3474 mora,
427 3389 603 3453 transvecti
625 3389 789 3473 lyntribus
813 3408 939 3452 amnem

98 3475 277 3541 Occursant
299 3477 494 3563 ubicumque
517 3478 603 3544 10111.
639 3477 709 3544 Nec
732 3477 818 3541 fama
840 3475 957 3540 fefellit

154 3589 294 3632 Gnnvnmrr
308 3591 376 3645 Ora,
391 3592 425 3633 cd,
439 3593 528 3637 Koch.
875 3584 914 3633 lb
