2438 3832
298 159 369 230 (ΠΙ.)
392 159 433 214 ru
450 159 623 216 avrruvu
640 159 750 214 arasa
766 159 911 216 PRIMVS.
1073 159 1114 223 21

100 321 171 387 ‘En
193 321 255 386 tibi
278 320 384 405 prisca
406 321 497 404 quies
520 326 737 406 renovataque
761 322 888 386 saecula
910 345 1032 408 rursus,

99 411 147 474 Vt
170 411 296 496 rebare,
319 409 452 496 vigent?
476 433 517 475 en
538 415 651 475 nostra
673 412 820 495 potentia
843 411 939 475 cessit

97 498 170 564 Nec
192 499 284 564 locus
307 502 356 562 est
379 520 517 582 usquam
538 498 671 563 Furiis?
707 498 780 563 Huc
803 499 926 564 lumina
947 501 1048 564 flecte.

98 586 241 673 Adspice
263 587 441 652 barbaricis
464 587 590 652 iaceant
614 592 694 672 quot
716 588 843 652 moenia
865 588 1014 675 flammis,
1064 605 1116 654 360

100 675 188 752 Quas
211 675 292 740 mihi
314 675 452 740 Rufinus
476 680 601 763 strages
625 681 845 760 quantumque
869 677 992 741 cruoris

98 765 259 829 Praebeat
282 769 314 828 et
338 765 468 848 quantis
491 766 662 849 epulentur
685 765 835 829 caedibus
858 765 960 849 hydri.

99 853 226 937 Linque
248 853 395 917 homines
419 857 603 938 sortemque
626 876 743 939 meam,
765 858 839 938 pete
863 854 980 940 sidera,
1002 853 1090 918 notis

99 940 260 1006 Autumni
283 946 316 1006 te
338 941 434 1006 redde
455 942 576 1029 plagis,
600 965 663 1026 qua
685 943 791 1030 vergit
813 942 849 1007 in
870 942 1029 1008 Austrum

101 1029 258 1117 Signifer3
282 1031 404 1095 aestivo
428 1031 518 1096 sedes
541 1030 647 1096 vicina
668 1031 771 1096 Leoni
992 1046 998 1060 ¹
1064 1047 1116 1096 365

100 1118 170 1184 Iam
192 1118 317 1204 pridem
340 1118 528 1206 gelidaeque
550 1123 667 1184 vacant
690 1119 829 1184 confinia
850 1119 976 1184 Librae.

98 1207 210 1292 Atque
233 1208 359 1273 utinam
380 1229 439 1292 per
460 1230 578 1296 magna
602 1208 694 1292 sequi
717 1230 858 1273 convexa
880 1207 1021 1272 licerett’

168 1296 252 1361 Diva
274 1297 385 1361 refert:
409 1296 502 1361 ‘Non
524 1297 661 1361 ulterius
684 1296 881 1361 bacchabere
905 1296 1044 1362 demens.

98 1383 170 1449 Iam
192 1406 313 1468 poenas
337 1389 413 1449 tuus
436 1385 498 1450 iste
522 1385 625 1470 dabit,
648 1385 712 1450 iam
736 1384 863 1450 debitus
887 1386 976 1450 ultor

99 1472 255 1560 Inminet,
277 1478 324 1558 et,
346 1478 449 1538 terras
473 1474 530 1558 qui
551 1495 638 1538 nunc
659 1473 830 1557 ipsumque
853 1473 971 1560 fatigat
1065 1491 1118 1540 370

99 1561 257 1647 Aethera,
279 1583 346 1626 non
368 1562 425 1626 vili
448 1562 588 1627 moriens
612 1562 767 1626 condetur
788 1562 917 1629 harena.

98 1648 234 1733 Iamque
257 1649 359 1714 aderit
381 1651 467 1715 laeto
489 1651 669 1734 promissus
691 1650 857 1715 Honorius
880 1672 958 1716 aevo

100 1739 170 1803 Nec
193 1739 273 1802 forti
296 1738 442 1825 genitore
464 1739 571 1804 minor
591 1761 651 1805 nec
674 1739 774 1803 fratre
797 1760 941 1824 corusco,

103 1826 165 1903 Qui
189 1827 319 1913 subiget
341 1826 464 1913 Medos,
492 1827 548 1911 qui
571 1827 702 1911 cuspide
724 1832 868 1911 proteret
890 1827 997 1894 Indos.

101 1914 170 1978 Sub
193 1915 272 2002 iugc
293 1915 421 1980 venturi
444 1937 550 2002 reges,
573 1916 751 1982 calcabitur
774 1939 868 2000 asper
1065 1935 1116 1984 375

101 2003 220 2067 Phasis
243 2024 325 2086 equo
348 2008 544 2089 pontemque
567 2004 636 2088 pati
660 2009 793 2092 cogetur
815 2005 950 2093 Araxes,

100 2091 215 2176 Tuque
240 2092 336 2156 simul
358 2093 513 2179 gravibus
535 2094 613 2158 ferri
636 2095 773 2181 religata
796 2095 917 2159 eatenis

101 2180 275 2265 Expellere
299 2180 349 2245 die
372 2180 613 2266 debellatasque
637 2183 811 2248 draconum

102 2269 212 2334 Tonsa
235 2291 343 2334 comas
366 2269 431 2334 imo
455 2270 601 2336 barathri
625 2271 771 2336 claudere
794 2293 930 2337 recessu.

102 2357 185 2422 Tum
209 2357 307 2422 tellus
331 2359 509 2424 communis
532 2360 607 2446 erit,
630 2364 701 2425 tum
723 2359 827 2425 limite
849 2360 941 2425 nullo
1066 2380 1117 2428 380

102 2446 314 2512 Discemetur
336 2469 426 2549 ager3
448 2470 507 2513 nec
529 2470 657 2513 vomere
674 2449 790 2512 'sulcus
813 2449 937 2514 adunco

103 2534 273 2600 Findetur:
297 2535 414 2601 subrtis
437 2558 562 2602 messor
583 2536 739 2625 gaudebit
761 2537 879 2602 aristis.

102 2624 275 2688 Rorabunt
298 2629 448 2708 querceta
470 2625 566 2712 favis3
590 2626 775 2713 stagnantia
797 2626 920 2711 passim

102 2711 189 2776 Vina
212 2714 313 2777 fluent
337 2714 462 2798 oleique
485 2715 588 2800 lacus3
610 2736 670 2779 nec
691 2715 812 2780 murice
834 2715 947 2780 tinctis

102 2800 289 2865 Velleribus
313 2806 484 2885 quaeretur
506 2802 625 2889 honos,
649 2804 704 2869 sed
728 2808 844 2887 sponte
866 2804 1030 2869 rubebunt
1068 2821 1119 2870 385

103 2887 258 2954 Attonito
279 2895 410 2974 pastore
432 2914 547 2979 greges
569 2896 770 2977 pontumque
792 2914 850 2976 per
873 2915 1001 2957 omnem

103 2976 269 3043 Ridebunt
291 2979 409 3045 virides
432 2981 568 3067 gemmis
590 2981 798 3045 nascentibus
821 2982 937 3068 algae'.

506 3269 720 3276 W
