<?xml version="1.0" encoding="UTF-8"?>
<!DOCTYPE html PUBLIC "-//W3C//DTD XHTML 1.0 Transitional//EN"
    "http://www.w3.org/TR/xhtml1/DTD/xhtml1-transitional.dtd">
<html xmlns="http://www.w3.org/1999/xhtml" xml:lang="en" lang="en">
 <head>
  <title>
</title>
<meta http-equiv="Content-Type" content="text/html;charset=utf-8" />
  <meta name='ocr-system' content='tesseract 3.04.00' />
  <meta name='ocr-capabilities' content='ocr_page ocr_carea ocr_par ocr_line ocrx_word'/>
</head>
<body>
  <div class='ocr_page' id='page_1' title='image "./claudiiclaudian05claugoog_0220.png"; bbox 0 0 2438 3832; ppageno 0'>
   <div class='ocr_carea' id='block_1_1' title="bbox 99 168 1117 242">
    <p class='ocr_par' dir='ltr' id='par_1_1' title="bbox 99 168 1117 242">
     <span class='ocr_line' id='line_1_1' title="bbox 99 168 1117 242; baseline 0.009 -16"><span class='ocrx_word' id='word_1_1' title='bbox 99 171 213 242; x_wconf 85' lang='lat' dir='ltr'>(XXH.)</span> <span class='ocrx_word' id='word_1_2' title='bbox 228 170 276 225; x_wconf 83' lang='lat' dir='ltr'><strong>DE</strong></span> <span class='ocrx_word' id='word_1_3' title='bbox 292 168 440 228; x_wconf 82' lang='lat' dir='ltr'>CONSVL.</span> <span class='ocrx_word' id='word_1_4' title='bbox 456 169 681 226; x_wconf 88' lang='lat' dir='ltr'><strong>STlLICHONlS</strong></span> <span class='ocrx_word' id='word_1_5' title='bbox 694 170 804 226; x_wconf 78' lang='lat' dir='ltr'>LIBER</span> <span class='ocrx_word' id='word_1_6' title='bbox 819 170 1016 228; x_wconf 80' lang='lat' dir='ltr'>SECVNDVS.</span> <span class='ocrx_word' id='word_1_7' title='bbox 1054 171 1117 236; x_wconf 87' lang='lat'><strong>151</strong></span> 
     </span>
    </p>
   </div>
   <div class='ocr_carea' id='block_1_2' title="bbox 252 461 967 537">
    <p class='ocr_par' dir='ltr' id='par_1_2' title="bbox 252 461 967 537">
     <span class='ocr_line' id='line_1_2' title="bbox 252 461 967 537; baseline 0.004 -3"><span class='ocrx_word' id='word_1_8' title='bbox 252 463 315 534; x_wconf 85' lang='lat' dir='ltr'><strong>DE</strong></span> <span class='ocrx_word' id='word_1_9' title='bbox 344 461 628 535; x_wconf 83' lang='lat' dir='ltr'>CONSVLATV</span> <span class='ocrx_word' id='word_1_10' title='bbox 657 461 967 537; x_wconf 85' lang='lat' dir='ltr'>STILICHONIS.</span> 
     </span>
    </p>
   </div>
   <div class='ocr_carea' id='block_1_3' title="bbox 430 623 792 685">
    <p class='ocr_par' dir='ltr' id='par_1_3' title="bbox 430 623 792 685">
     <span class='ocr_line' id='line_1_3' title="bbox 430 623 792 685; baseline 0.003 -3"><span class='ocrx_word' id='word_1_11' title='bbox 430 624 552 683; x_wconf 73' lang='lat' dir='ltr'>LIBER</span> <span class='ocrx_word' id='word_1_12' title='bbox 576 623 792 685; x_wconf 77' lang='lat' dir='ltr'>SECVNDVS.</span> 
     </span>
    </p>
   </div>
   <div class='ocr_carea' id='block_1_4' title="bbox 561 757 669 827">
    <p class='ocr_par' dir='ltr' id='par_1_4' title="bbox 561 757 669 827">
     <span class='ocr_line' id='line_1_4' title="bbox 561 757 669 827; baseline 0.019 -2"><span class='ocrx_word' id='word_1_13' title='bbox 561 757 669 827; x_wconf 76' lang='grc' dir='ltr'>(ΧΧΠ)</span> 
     </span>
    </p>
   </div>
   <div class='ocr_carea' id='block_1_5' title="bbox 101 866 1120 3260">
    <p class='ocr_par' dir='ltr' id='par_1_5' title="bbox 101 866 1120 3260">
     <span class='ocr_line' id='line_1_5' title="bbox 170 866 1068 952; baseline 0.003 -20"><span class='ocrx_word' id='word_1_14' title='bbox 170 867 337 933; x_wconf 78' lang='lat' dir='ltr'><strong>Hactenus</strong></span> <span class='ocrx_word' id='word_1_15' title='bbox 360 870 502 931; x_wconf 90' lang='lat' dir='ltr'><strong>armatae</strong></span> <span class='ocrx_word' id='word_1_16' title='bbox 525 866 649 932; x_wconf 89' lang='lat' dir='ltr'><strong>laudes:</strong></span> <span class='ocrx_word' id='word_1_17' title='bbox 671 889 758 932; x_wconf 89' lang='lat' dir='ltr'><strong>nunc</strong></span> <span class='ocrx_word' id='word_1_18' title='bbox 782 868 932 952; x_wconf 79' lang='lat' dir='ltr'><strong>qualibus</strong></span> <span class='ocrx_word' id='word_1_19' title='bbox 957 869 1068 935; x_wconf 91' lang='lat' dir='ltr'><strong>orbem</strong></span> 
     </span>
     <span class='ocr_line' id='line_1_6' title="bbox 102 956 934 1043; baseline 0.001 -22"><span class='ocrx_word' id='word_1_20' title='bbox 102 956 251 1022; x_wconf 88' lang='lat' dir='ltr'><strong>Moribus</strong></span> <span class='ocrx_word' id='word_1_21' title='bbox 275 960 307 1021; x_wconf 90' lang='lat' dir='ltr'><strong>et</strong></span> <span class='ocrx_word' id='word_1_22' title='bbox 331 960 453 1041; x_wconf 92' lang='lat' dir='ltr'><strong>quanto</strong></span> <span class='ocrx_word' id='word_1_23' title='bbox 476 956 580 1021; x_wconf 86' lang='lat' dir='ltr'><strong>frenet</strong></span> <span class='ocrx_word' id='word_1_24' title='bbox 603 956 793 1021; x_wconf 92' lang='lat' dir='ltr'><strong>metuendus</strong></span> <span class='ocrx_word' id='word_1_25' title='bbox 817 979 934 1043; x_wconf 81' lang='lat' dir='ltr'><strong>amore,</strong></span> 
     </span>
     <span class='ocr_line' id='line_1_7' title="bbox 104 1045 936 1132; baseline 0 -22"><span class='ocrx_word' id='word_1_26' title='bbox 104 1045 176 1123; x_wconf 85' lang='lat' dir='ltr'><strong>Quo</strong></span> <span class='ocrx_word' id='word_1_27' title='bbox 199 1045 329 1110; x_wconf 92' lang='lat' dir='ltr'><strong>tandem</strong></span> <span class='ocrx_word' id='word_1_28' title='bbox 352 1047 454 1109; x_wconf 85' lang='lat' dir='ltr'><strong>flexus</strong></span> <span class='ocrx_word' id='word_1_29' title='bbox 477 1045 606 1109; x_wconf 81' lang='lat' dir='ltr'><strong>trabeas</strong></span> <span class='ocrx_word' id='word_1_30' title='bbox 629 1049 760 1110; x_wconf 89' lang='lat' dir='ltr'><strong>auctore</strong></span> <span class='ocrx_word' id='word_1_31' title='bbox 783 1051 936 1132; x_wconf 79' lang='lat' dir='ltr'><strong>rogantes</strong></span> 
     </span>
     <span class='ocr_line' id='line_1_8' title="bbox 102 1133 920 1219; baseline 0 -20"><span class='ocrx_word' id='word_1_32' title='bbox 102 1133 249 1199; x_wconf 88' lang='lat' dir='ltr'><strong>Induerit</strong></span> <span class='ocrx_word' id='word_1_33' title='bbox 272 1134 429 1218; x_wconf 86' lang='lat' dir='ltr'><strong>fastisque</strong></span> <span class='ocrx_word' id='word_1_34' title='bbox 453 1156 547 1197; x_wconf 89' lang='lat' dir='ltr'><strong>suum</strong></span> <span class='ocrx_word' id='word_1_35' title='bbox 571 1134 764 1198; x_wconf 77' lang='lat' dir='ltr'><strong>concesserit</strong></span> <span class='ocrx_word' id='word_1_36' title='bbox 787 1156 920 1219; x_wconf 87' lang='lat' dir='ltr'><strong>annum,</strong></span> 
     </span>
     <span class='ocr_line' id='line_1_9' title="bbox 102 1222 1119 1306; baseline 0.003 -18"><span class='ocrx_word' id='word_1_37' title='bbox 102 1223 216 1289; x_wconf 90' lang='lat' dir='ltr'><strong>Mitior</strong></span> <span class='ocrx_word' id='word_1_38' title='bbox 238 1223 372 1306; x_wconf 90' lang='lat' dir='ltr'><strong>incipiat</strong></span> <span class='ocrx_word' id='word_1_39' title='bbox 395 1222 513 1286; x_wconf 89' lang='lat' dir='ltr'><strong>fidibus</strong></span> <span class='ocrx_word' id='word_1_40' title='bbox 538 1223 603 1287; x_wconf 88' lang='lat' dir='ltr'><strong>iam</strong></span> <span class='ocrx_word' id='word_1_41' title='bbox 626 1222 720 1286; x_wconf 91' lang='lat' dir='ltr'><strong>Musa</strong></span> <span class='ocrx_word' id='word_1_42' title='bbox 742 1223 895 1287; x_wconf 85' lang='lat' dir='ltr'><strong>remissis.</strong></span> <span class='ocrx_word' id='word_1_43' title='bbox 1101 1241 1119 1291; x_wconf 77' lang='grc' dir='ltr'>ὁ</span> 
     </span>
     <span class='ocr_line' id='line_1_10' title="bbox 170 1309 949 1398; baseline 0.001 -22"><span class='ocrx_word' id='word_1_44' title='bbox 170 1312 334 1396; x_wconf 91' lang='lat' dir='ltr'><strong>Principio</strong></span> <span class='ocrx_word' id='word_1_45' title='bbox 357 1312 467 1398; x_wconf 84' lang='lat' dir='ltr'><strong>magni</strong></span> <span class='ocrx_word' id='word_1_46' title='bbox 491 1316 600 1377; x_wconf 88' lang='lat' dir='ltr'><strong>custos</strong></span> <span class='ocrx_word' id='word_1_47' title='bbox 625 1309 802 1377; x_wconf 79' lang='lat' dir='ltr'><strong>Clementia</strong></span> <span class='ocrx_word' id='word_1_48' title='bbox 824 1313 949 1398; x_wconf 85' lang='lat' dir='ltr'><strong>mundi,</strong></span> 
     </span>
     <span class='ocr_line' id='line_1_11' title="bbox 104 1399 1065 1486; baseline 0.003 -21"><span class='ocrx_word' id='word_1_49' title='bbox 104 1400 193 1478; x_wconf 85' lang='lat' dir='ltr'><strong>Quae</strong></span> <span class='ocrx_word' id='word_1_50' title='bbox 216 1399 303 1466; x_wconf 87' lang='lat' dir='ltr'><strong>Iovis</strong></span> <span class='ocrx_word' id='word_1_51' title='bbox 326 1401 462 1466; x_wconf 90' lang='lat' dir='ltr'><strong>incoluit</strong></span> <span class='ocrx_word' id='word_1_52' title='bbox 485 1423 608 1486; x_wconf 84' lang='lat' dir='ltr'><strong>zonam,</strong></span> <span class='ocrx_word' id='word_1_53' title='bbox 632 1422 714 1485; x_wconf 88' lang='lat' dir='ltr'><strong>quae</strong></span> <span class='ocrx_word' id='word_1_54' title='bbox 736 1404 895 1485; x_wconf 88' lang='lat' dir='ltr'><strong>temperat</strong></span> <span class='ocrx_word' id='word_1_55' title='bbox 918 1401 1065 1468; x_wconf 89' lang='lat' dir='ltr'><strong>aethram</strong></span> 
     </span>
     <span class='ocr_line' id='line_1_12' title="bbox 103 1489 985 1576; baseline 0.002 -22"><span class='ocrx_word' id='word_1_56' title='bbox 103 1489 249 1576; x_wconf 83' lang='lat' dir='ltr'><strong>Frigoris</strong></span> <span class='ocrx_word' id='word_1_57' title='bbox 273 1494 305 1554; x_wconf 91' lang='lat' dir='ltr'><strong>et</strong></span> <span class='ocrx_word' id='word_1_58' title='bbox 327 1490 475 1558; x_wconf 90' lang='lat' dir='ltr'><strong>flammae</strong></span> <span class='ocrx_word' id='word_1_59' title='bbox 497 1490 616 1576; x_wconf 82' lang='lat' dir='ltr'><strong>medi03</strong></span> <span class='ocrx_word' id='word_1_60' title='bbox 640 1511 722 1573; x_wconf 90' lang='lat' dir='ltr'><strong>quae</strong></span> <span class='ocrx_word' id='word_1_61' title='bbox 744 1490 884 1554; x_wconf 85' lang='lat' dir='ltr'><strong>maxima</strong></span> <span class='ocrx_word' id='word_1_62' title='bbox 906 1495 985 1556; x_wconf 91' lang='lat' dir='ltr'><strong>natu</strong></span> 
     </span>
     <span class='ocr_line' id='line_1_13' title="bbox 105 1577 1004 1663; baseline 0.002 -20"><span class='ocrx_word' id='word_1_63' title='bbox 105 1577 310 1643; x_wconf 90' lang='lat' dir='ltr'><strong>Caelicolum.</strong></span> <span class='ocrx_word' id='word_1_64' title='bbox 346 1577 433 1643; x_wconf 90' lang='lat' dir='ltr'><strong>Nam</strong></span> <span class='ocrx_word' id='word_1_65' title='bbox 455 1579 559 1663; x_wconf 88' lang='lat' dir='ltr'><strong>prima</strong></span> <span class='ocrx_word' id='word_1_66' title='bbox 582 1579 680 1644; x_wconf 90' lang='lat' dir='ltr'><strong>chaos</strong></span> <span class='ocrx_word' id='word_1_67' title='bbox 705 1577 882 1644; x_wconf 78' lang='lat' dir='ltr'><strong>Clementia</strong></span> <span class='ocrx_word' id='word_1_68' title='bbox 906 1579 1004 1645; x_wconf 86' lang='lat' dir='ltr'><strong>solvit</strong></span> 
     </span>
     <span class='ocr_line' id='line_1_14' title="bbox 105 1666 1120 1754; baseline 0.003 -22"><span class='ocrx_word' id='word_1_69' title='bbox 105 1666 296 1754; x_wconf 85' lang='lat' dir='ltr'><strong>Congeriem</strong></span> <span class='ocrx_word' id='word_1_70' title='bbox 318 1668 470 1731; x_wconf 89' lang='lat' dir='ltr'><strong>miserata</strong></span> <span class='ocrx_word' id='word_1_71' title='bbox 492 1667 603 1731; x_wconf 89' lang='lat' dir='ltr'><strong>rudem</strong></span> <span class='ocrx_word' id='word_1_72' title='bbox 625 1667 782 1751; x_wconf 85' lang='lat' dir='ltr'><strong>vultuque</strong></span> <span class='ocrx_word' id='word_1_73' title='bbox 806 1689 918 1733; x_wconf 91' lang='lat' dir='ltr'><strong>sereno</strong></span> <span class='ocrx_word' id='word_1_74' title='bbox 1086 1685 1120 1736; x_wconf 91' lang='lat'><strong>10</strong></span> 
     </span>
     <span class='ocr_line' id='line_1_15' title="bbox 102 1755 883 1824; baseline 0 -4"><span class='ocrx_word' id='word_1_75' title='bbox 102 1756 268 1821; x_wconf 89' lang='lat' dir='ltr'><strong>Discussis</strong></span> <span class='ocrx_word' id='word_1_76' title='bbox 290 1756 433 1821; x_wconf 89' lang='lat' dir='ltr'><strong>tenebris</strong></span> <span class='ocrx_word' id='word_1_77' title='bbox 455 1756 490 1820; x_wconf 94' lang='lat' dir='ltr'><strong>in</strong></span> <span class='ocrx_word' id='word_1_78' title='bbox 506 1756 617 1824; x_wconf 65' lang='lat' dir='ltr'><strong>,lucem</strong></span> <span class='ocrx_word' id='word_1_79' title='bbox 640 1757 767 1821; x_wconf 87' lang='lat' dir='ltr'><strong>saecula</strong></span> <span class='ocrx_word' id='word_1_80' title='bbox 790 1755 883 1820; x_wconf 82' lang='lat' dir='ltr'><strong>fudit.</strong></span> 
     </span>
     <span class='ocr_line' id='line_1_16' title="bbox 103 1844 953 1929; baseline 0 -20"><span class='ocrx_word' id='word_1_81' title='bbox 103 1844 193 1909; x_wconf 88' lang='lat' dir='ltr'><strong>Haec</strong></span> <span class='ocrx_word' id='word_1_82' title='bbox 216 1845 274 1909; x_wconf 90' lang='lat' dir='ltr'><strong>dea</strong></span> <span class='ocrx_word' id='word_1_83' title='bbox 297 1867 356 1929; x_wconf 93' lang='lat' dir='ltr'><strong>pro</strong></span> <span class='ocrx_word' id='word_1_84' title='bbox 380 1845 511 1929; x_wconf 90' lang='lat' dir='ltr'><strong>templis</strong></span> <span class='ocrx_word' id='word_1_85' title='bbox 535 1849 567 1909; x_wconf 92' lang='lat' dir='ltr'><strong>et</strong></span> <span class='ocrx_word' id='word_1_86' title='bbox 589 1849 661 1909; x_wconf 90' lang='lat' dir='ltr'><strong>ture</strong></span> <span class='ocrx_word' id='word_1_87' title='bbox 685 1844 865 1909; x_wconf 87' lang='lat' dir='ltr'><strong>calentibus</strong></span> <span class='ocrx_word' id='word_1_88' title='bbox 889 1845 953 1909; x_wconf 88' lang='lat' dir='ltr'><strong>aris</strong></span> 
     </span>
     <span class='ocr_line' id='line_1_17' title="bbox 102 1933 945 2018; baseline 0 -20"><span class='ocrx_word' id='word_1_89' title='bbox 102 1933 148 1998; x_wconf 84' lang='lat' dir='ltr'><strong>Te</strong></span> <span class='ocrx_word' id='word_1_90' title='bbox 172 1934 291 1998; x_wconf 86' lang='lat' dir='ltr'><strong>fruitur</strong></span> <span class='ocrx_word' id='word_1_91' title='bbox 313 1934 486 2018; x_wconf 91' lang='lat' dir='ltr'><strong>posuitque</strong></span> <span class='ocrx_word' id='word_1_92' title='bbox 510 1955 584 1997; x_wconf 89' lang='lat' dir='ltr'><strong>suas</strong></span> <span class='ocrx_word' id='word_1_93' title='bbox 607 1933 670 1997; x_wconf 92' lang='lat' dir='ltr'><strong>hoc</strong></span> <span class='ocrx_word' id='word_1_94' title='bbox 692 1938 822 2017; x_wconf 87' lang='lat' dir='ltr'><strong>pectore</strong></span> <span class='ocrx_word' id='word_1_95' title='bbox 846 1933 945 1999; x_wconf 90' lang='lat' dir='ltr'><strong>sedes.</strong></span> 
     </span>
     <span class='ocr_line' id='line_1_18' title="bbox 103 2021 1062 2109; baseline 0.001 -22"><span class='ocrx_word' id='word_1_96' title='bbox 103 2022 193 2087; x_wconf 89' lang='lat' dir='ltr'><strong>Haec</strong></span> <span class='ocrx_word' id='word_1_97' title='bbox 217 2023 309 2087; x_wconf 90' lang='lat' dir='ltr'><strong>docet</strong></span> <span class='ocrx_word' id='word_1_98' title='bbox 331 2027 369 2086; x_wconf 92' lang='lat' dir='ltr'><strong>ut</strong></span> <span class='ocrx_word' id='word_1_99' title='bbox 391 2023 505 2107; x_wconf 90' lang='lat' dir='ltr'><strong>poenis</strong></span> <span class='ocrx_word' id='word_1_100' title='bbox 527 2022 696 2086; x_wconf 91' lang='lat' dir='ltr'><strong>hominum</strong></span> <span class='ocrx_word' id='word_1_101' title='bbox 718 2021 770 2086; x_wconf 84' lang='lat' dir='ltr'><strong>vel</strong></span> <span class='ocrx_word' id='word_1_102' title='bbox 793 2023 949 2109; x_wconf 82' lang='lat' dir='ltr'><strong>sanguine</strong></span> <span class='ocrx_word' id='word_1_103' title='bbox 971 2023 1062 2108; x_wconf 89' lang='lat' dir='ltr'><strong>pasci</strong></span> 
     </span>
     <span class='ocr_line' id='line_1_19' title="bbox 105 2109 1120 2198; baseline 0.004 -23"><span class='ocrx_word' id='word_1_104' title='bbox 105 2111 213 2196; x_wconf 80' lang='lat' dir='ltr'><strong>Turpe</strong></span> <span class='ocrx_word' id='word_1_105' title='bbox 227 2112 394 2194; x_wconf 85' lang='lat' dir='ltr'><strong>ferumque</strong></span> <span class='ocrx_word' id='word_1_106' title='bbox 408 2115 517 2196; x_wconf 80' lang='lat' dir='ltr'><strong>putes3</strong></span> <span class='ocrx_word' id='word_1_107' title='bbox 531 2115 568 2175; x_wconf 92' lang='lat' dir='ltr'><strong>ut</strong></span> <span class='ocrx_word' id='word_1_108' title='bbox 582 2110 716 2195; x_wconf 81' lang='lat' dir='ltr'><strong>ferrum,</strong></span> <span class='ocrx_word' id='word_1_109' title='bbox 730 2109 834 2175; x_wconf 87' lang='lat' dir='ltr'><strong>Marte</strong></span> <span class='ocrx_word' id='word_1_110' title='bbox 849 2115 1028 2198; x_wconf 84' lang='lat' dir='ltr'><strong>cruentum,</strong></span> <span class='ocrx_word' id='word_1_111' title='bbox 1086 2129 1120 2180; x_wconf 81' lang='lat'><strong>15</strong></span> 
     </span>
     <span class='ocr_line' id='line_1_20' title="bbox 103 2198 914 2284; baseline -0.002 -20"><span class='ocrx_word' id='word_1_112' title='bbox 103 2199 231 2265; x_wconf 88' lang='lat' dir='ltr'><strong>Siccum</strong></span> <span class='ocrx_word' id='word_1_113' title='bbox 254 2221 331 2283; x_wconf 88' lang='lat' dir='ltr'><strong>pace</strong></span> <span class='ocrx_word' id='word_1_114' title='bbox 355 2199 453 2284; x_wconf 83' lang='lat' dir='ltr'><strong>feras3</strong></span> <span class='ocrx_word' id='word_1_115' title='bbox 475 2203 512 2263; x_wconf 92' lang='lat' dir='ltr'><strong>ut</strong></span> <span class='ocrx_word' id='word_1_116' title='bbox 535 2221 602 2262; x_wconf 91' lang='lat' dir='ltr'><strong>non</strong></span> <span class='ocrx_word' id='word_1_117' title='bbox 623 2198 769 2263; x_wconf 87' lang='lat' dir='ltr'><strong>infensus</strong></span> <span class='ocrx_word' id='word_1_118' title='bbox 792 2199 914 2263; x_wconf 89' lang='lat' dir='ltr'><strong>alendis</strong></span> 
     </span>
     <span class='ocr_line' id='line_1_21' title="bbox 102 2287 900 2372; baseline -0.003 -19"><span class='ocrx_word' id='word_1_119' title='bbox 102 2287 272 2353; x_wconf 82' lang='lat' dir='ltr'><strong>Materiam</strong></span> <span class='ocrx_word' id='word_1_120' title='bbox 294 2291 438 2372; x_wconf 90' lang='lat' dir='ltr'><strong>praestes</strong></span> <span class='ocrx_word' id='word_1_121' title='bbox 463 2287 558 2372; x_wconf 84' lang='lat' dir='ltr'><strong>odiis3</strong></span> <span class='ocrx_word' id='word_1_122' title='bbox 580 2291 618 2351; x_wconf 94' lang='lat' dir='ltr'><strong>ut</strong></span> <span class='ocrx_word' id='word_1_123' title='bbox 642 2287 791 2351; x_wconf 89' lang='lat' dir='ltr'><strong>sontibus</strong></span> <span class='ocrx_word' id='word_1_124' title='bbox 813 2288 900 2352; x_wconf 89' lang='lat' dir='ltr'><strong>ultro</strong></span> 
     </span>
     <span class='ocr_line' id='line_1_22' title="bbox 102 2376 767 2464; baseline -0.005 -22"><span class='ocrx_word' id='word_1_125' title='bbox 102 2376 271 2464; x_wconf 81' lang='lat' dir='ltr'><strong>Ignovisse</strong></span> <span class='ocrx_word' id='word_1_126' title='bbox 294 2377 384 2461; x_wconf 81' lang='lat' dir='ltr'><strong>velis,</strong></span> <span class='ocrx_word' id='word_1_127' title='bbox 408 2376 548 2460; x_wconf 89' lang='lat' dir='ltr'><strong>deponas</strong></span> <span class='ocrx_word' id='word_1_128' title='bbox 573 2376 662 2440; x_wconf 87' lang='lat' dir='ltr'><strong>ocius</strong></span> <span class='ocrx_word' id='word_1_129' title='bbox 685 2376 767 2440; x_wconf 88' lang='lat' dir='ltr'><strong>iram</strong></span> 
     </span>
     <span class='ocr_line' id='line_1_23' title="bbox 104 2464 1100 2553; baseline 0.003 -23"><span class='ocrx_word' id='word_1_130' title='bbox 104 2466 208 2542; x_wconf 85' lang='lat' dir='ltr'><strong>Quam</strong></span> <span class='ocrx_word' id='word_1_131' title='bbox 226 2487 369 2550; x_wconf 83' lang='lat' dir='ltr'><strong>moveas,</strong></span> <span class='ocrx_word' id='word_1_132' title='bbox 387 2465 536 2548; x_wconf 88' lang='lat' dir='ltr'><strong>precibus</strong></span> <span class='ocrx_word' id='word_1_133' title='bbox 554 2486 732 2548; x_wconf 91' lang='lat' dir='ltr'><strong>numquam</strong></span> <span class='ocrx_word' id='word_1_134' title='bbox 749 2464 964 2549; x_wconf 88' lang='lat' dir='ltr'><strong>implacabilis</strong></span> <span class='ocrx_word' id='word_1_135' title='bbox 980 2466 1100 2553; x_wconf 70' lang='lat' dir='ltr'><strong>obstes²</strong></span> 
     </span>
     <span class='ocr_line' id='line_1_24' title="bbox 103 2553 1120 2638; baseline 0.004 -19"><span class='ocrx_word' id='word_1_136' title='bbox 103 2553 208 2619; x_wconf 88' lang='lat' dir='ltr'><strong>Obvia</strong></span> <span class='ocrx_word' id='word_1_137' title='bbox 230 2559 416 2638; x_wconf 91' lang='lat' dir='ltr'><strong>prosternas</strong></span> <span class='ocrx_word' id='word_1_138' title='bbox 439 2557 666 2638; x_wconf 88' lang='lat' dir='ltr'><strong>prostrataque</strong></span> <span class='ocrx_word' id='word_1_139' title='bbox 688 2575 778 2617; x_wconf 91' lang='lat' dir='ltr'><strong>more</strong></span> <span class='ocrx_word' id='word_1_140' title='bbox 800 2553 931 2618; x_wconf 91' lang='lat' dir='ltr'><strong>leonum</strong></span> <span class='ocrx_word' id='word_1_141' title='bbox 1084 2573 1120 2623; x_wconf 79' lang='lat'><strong>20</strong></span> 
     </span>
     <span class='ocr_line' id='line_1_25' title="bbox 103 2640 963 2729; baseline -0.001 -21"><span class='ocrx_word' id='word_1_142' title='bbox 103 2640 284 2729; x_wconf 84' lang='lat' dir='ltr'><strong>Despicias‚</strong></span> <span class='ocrx_word' id='word_1_143' title='bbox 307 2644 429 2707; x_wconf 89' lang='lat' dir='ltr'><strong>alacres</strong></span> <span class='ocrx_word' id='word_1_144' title='bbox 452 2643 565 2707; x_wconf 90' lang='lat' dir='ltr'><strong>ardent</strong></span> <span class='ocrx_word' id='word_1_145' title='bbox 589 2642 645 2727; x_wconf 91' lang='lat' dir='ltr'><strong>qui</strong></span> <span class='ocrx_word' id='word_1_146' title='bbox 667 2642 816 2729; x_wconf 80' lang='lat' dir='ltr'><strong>frangere</strong></span> <span class='ocrx_word' id='word_1_147' title='bbox 838 2647 963 2728; x_wconf 86' lang='lat' dir='ltr'><strong>tauros,</strong></span> 
     </span>
     <span class='ocr_line' id='line_1_26' title="bbox 103 2730 1010 2818; baseline 0 -22"><span class='ocrx_word' id='word_1_148' title='bbox 103 2732 304 2797; x_wconf 79' lang='lat' dir='ltr'><strong>Transiliunt</strong></span> <span class='ocrx_word' id='word_1_149' title='bbox 326 2731 461 2816; x_wconf 88' lang='lat' dir='ltr'><strong>praedas</strong></span> <span class='ocrx_word' id='word_1_150' title='bbox 484 2731 632 2796; x_wconf 90' lang='lat' dir='ltr'><strong>humiles.</strong></span> <span class='ocrx_word' id='word_1_151' title='bbox 668 2730 740 2795; x_wconf 87' lang='lat' dir='ltr'><strong>Hac</strong></span> <span class='ocrx_word' id='word_1_152' title='bbox 761 2731 831 2815; x_wconf 90' lang='lat' dir='ltr'><strong>ipsc</strong></span> <span class='ocrx_word' id='word_1_153' title='bbox 854 2732 1010 2818; x_wconf 83' lang='lat' dir='ltr'><strong>magistra</strong></span> 
     </span>
     <span class='ocr_line' id='line_1_27' title="bbox 103 2819 859 2906; baseline -0.004 -20"><span class='ocrx_word' id='word_1_154' title='bbox 103 2821 171 2886; x_wconf 86' lang='lat' dir='ltr'><strong>Das</strong></span> <span class='ocrx_word' id='word_1_155' title='bbox 194 2821 322 2886; x_wconf 85' lang='lat' dir='ltr'><strong>veniam</strong></span> <span class='ocrx_word' id='word_1_156' title='bbox 344 2821 452 2906; x_wconf 81' lang='lat' dir='ltr'><strong>victis,</strong></span> <span class='ocrx_word' id='word_1_157' title='bbox 475 2821 536 2885; x_wconf 87' lang='lat' dir='ltr'><strong>hac</strong></span> <span class='ocrx_word' id='word_1_158' title='bbox 559 2823 712 2884; x_wconf 86' lang='lat' dir='ltr'><strong>exorante</strong></span> <span class='ocrx_word' id='word_1_159' title='bbox 736 2819 859 2883; x_wconf 89' lang='lat' dir='ltr'><strong>calores</strong></span> 
     </span>
     <span class='ocr_line' id='line_1_28' title="bbox 102 2907 1010 2995; baseline 0.001 -21"><span class='ocrx_word' id='word_1_160' title='bbox 102 2909 283 2974; x_wconf 84' lang='lat' dir='ltr'><strong>Horrifioos</strong></span> <span class='ocrx_word' id='word_1_161' title='bbox 307 2914 338 2974; x_wconf 91' lang='lat' dir='ltr'><strong>et</strong></span> <span class='ocrx_word' id='word_1_162' title='bbox 362 2931 453 2995; x_wconf 83' lang='lat' dir='ltr'><strong>quae,</strong></span> <span class='ocrx_word' id='word_1_163' title='bbox 475 2930 653 2991; x_wconf 89' lang='lat' dir='ltr'><strong>numquam</strong></span> <span class='ocrx_word' id='word_1_164' title='bbox 674 2907 832 2991; x_wconf 84' lang='lat' dir='ltr'><strong>nocitura,</strong></span> <span class='ocrx_word' id='word_1_165' title='bbox 854 2908 1010 2975; x_wconf 90' lang='lat' dir='ltr'><strong>timentur</strong></span> 
     </span>
     <span class='ocr_line' id='line_1_29' title="bbox 101 2997 1120 3086; baseline -0.001 -23"><span class='ocrx_word' id='word_1_166' title='bbox 101 2997 214 3086; x_wconf 82' lang='lat' dir='ltr'><strong>Iurgia</strong></span> <span class='ocrx_word' id='word_1_167' title='bbox 237 3003 408 3063; x_wconf 88' lang='lat' dir='ltr'><strong>contentus</strong></span> <span class='ocrx_word' id='word_1_168' title='bbox 432 2997 502 3062; x_wconf 91' lang='lat' dir='ltr'><strong>solo</strong></span> <span class='ocrx_word' id='word_1_169' title='bbox 526 3001 648 3061; x_wconf 90' lang='lat' dir='ltr'><strong>terrore</strong></span> <span class='ocrx_word' id='word_1_170' title='bbox 672 3017 798 3061; x_wconf 87' lang='lat' dir='ltr'><strong>coerces</strong></span> <span class='ocrx_word' id='word_1_171' title='bbox 1085 3014 1120 3068; x_wconf 78' lang='lat'><strong>25</strong></span> 
     </span>
     <span class='ocr_line' id='line_1_30' title="bbox 102 3085 920 3172; baseline -0.004 -21"><span class='ocrx_word' id='word_1_172' title='bbox 102 3086 250 3152; x_wconf 84' lang='lat' dir='ltr'><strong>Aetherii</strong></span> <span class='ocrx_word' id='word_1_173' title='bbox 272 3087 375 3172; x_wconf 89' lang='lat' dir='ltr'><strong>patris</strong></span> <span class='ocrx_word' id='word_1_174' title='bbox 399 3086 559 3171; x_wconf 82' lang='lat' dir='ltr'><strong>exemplo,</strong></span> <span class='ocrx_word' id='word_1_175' title='bbox 583 3085 639 3169; x_wconf 90' lang='lat' dir='ltr'><strong>qui</strong></span> <span class='ocrx_word' id='word_1_176' title='bbox 663 3087 778 3149; x_wconf 89' lang='lat' dir='ltr'><strong>cuncta</strong></span> <span class='ocrx_word' id='word_1_177' title='bbox 802 3105 920 3149; x_wconf 89' lang='lat' dir='ltr'><strong>sonoro</strong></span> 
     </span>
     <span class='ocr_line' id='line_1_31' title="bbox 104 3173 927 3260; baseline -0.002 -19"><span class='ocrx_word' id='word_1_178' title='bbox 104 3175 299 3242; x_wconf 80' lang='lat' dir='ltr'><strong>Concutiens</strong></span> <span class='ocrx_word' id='word_1_179' title='bbox 322 3178 447 3242; x_wconf 90' lang='lat' dir='ltr'><strong>tonitru</strong></span> <span class='ocrx_word' id='word_1_180' title='bbox 472 3174 650 3260; x_wconf 84' lang='lat' dir='ltr'><strong>Cyclopum</strong></span> <span class='ocrx_word' id='word_1_181' title='bbox 673 3173 797 3257; x_wconf 91' lang='lat' dir='ltr'><strong>spicula</strong></span> <span class='ocrx_word' id='word_1_182' title='bbox 820 3173 927 3239; x_wconf 86' lang='lat' dir='ltr'><strong>differt</strong></span> 
     </span>
    </p>
   </div>
   <div class='ocr_carea' id='block_1_6' title="bbox 102 3262 1121 3599">
    <p class='ocr_par' dir='ltr' id='par_1_6' title="bbox 102 3262 1000 3420">
     <span class='ocr_line' id='line_1_32' title="bbox 102 3262 1000 3351; baseline -0.006 -20"><span class='ocrx_word' id='word_1_183' title='bbox 102 3264 143 3330; x_wconf 87' lang='lat' dir='ltr'><strong>In</strong></span> <span class='ocrx_word' id='word_1_184' title='bbox 166 3267 317 3351; x_wconf 87' lang='lat' dir='ltr'><strong>scopulos</strong></span> <span class='ocrx_word' id='word_1_185' title='bbox 341 3271 373 3331; x_wconf 92' lang='lat' dir='ltr'><strong>et</strong></span> <span class='ocrx_word' id='word_1_186' title='bbox 395 3269 541 3331; x_wconf 92' lang='lat' dir='ltr'><strong>monstra</strong></span> <span class='ocrx_word' id='word_1_187' title='bbox 564 3262 663 3328; x_wconf 89' lang='lat' dir='ltr'><strong>maris</strong></span> <span class='ocrx_word' id='word_1_188' title='bbox 685 3262 853 3347; x_wconf 90' lang='lat' dir='ltr'><strong>nostrique</strong></span> <span class='ocrx_word' id='word_1_189' title='bbox 877 3262 1000 3328; x_wconf 86' lang='lat' dir='ltr'><strong>cruoris</strong></span> 
     </span>
     <span class='ocr_line' id='line_1_33' title="bbox 102 3351 864 3420; baseline -0.007 0"><span class='ocrx_word' id='word_1_190' title='bbox 102 3354 224 3420; x_wconf 90' lang='lat' dir='ltr'><strong>Parcus</strong></span> <span class='ocrx_word' id='word_1_191' title='bbox 247 3355 282 3419; x_wconf 90' lang='lat' dir='ltr'><strong>in</strong></span> <span class='ocrx_word' id='word_1_192' title='bbox 306 3353 433 3420; x_wconf 90' lang='lat' dir='ltr'><strong>Oetaeis</strong></span> <span class='ocrx_word' id='word_1_193' title='bbox 456 3357 582 3419; x_wconf 86' lang='lat' dir='ltr'><strong>exercet</strong></span> <span class='ocrx_word' id='word_1_194' title='bbox 604 3351 741 3416; x_wconf 84' lang='lat' dir='ltr'><strong>fulmina</strong></span> <span class='ocrx_word' id='word_1_195' title='bbox 765 3351 864 3416; x_wconf 83' lang='lat' dir='ltr'><strong>silvis.</strong></span> 
     </span>
    </p>

    <p class='ocr_par' dir='ltr' id='par_1_7' title="bbox 104 3440 1121 3599">
     <span class='ocr_line' id='line_1_34' title="bbox 170 3440 1121 3531; baseline -0.001 -23"><span class='ocrx_word' id='word_1_196' title='bbox 170 3443 256 3508; x_wconf 89' lang='lat' dir='ltr'><strong>Huic</strong></span> <span class='ocrx_word' id='word_1_197' title='bbox 275 3443 365 3508; x_wconf 84' lang='lat' dir='ltr'><strong>divae</strong></span> <span class='ocrx_word' id='word_1_198' title='bbox 388 3465 540 3531; x_wconf 83' lang='lat' dir='ltr'><strong>germana</strong></span> <span class='ocrx_word' id='word_1_199' title='bbox 562 3441 658 3507; x_wconf 85' lang='lat' dir='ltr'><strong>Fides</strong></span> <span class='ocrx_word' id='word_1_200' title='bbox 682 3440 855 3524; x_wconf 90' lang='lat' dir='ltr'><strong>eademque</strong></span> <span class='ocrx_word' id='word_1_201' title='bbox 879 3441 983 3505; x_wconf 87' lang='lat' dir='ltr'><strong>sorori</strong></span> <span class='ocrx_word' id='word_1_202' title='bbox 1085 3458 1121 3507; x_wconf 84' lang='lat'><strong>30</strong></span> 
     </span>
     <span class='ocr_line' id='line_1_35' title="bbox 104 3528 962 3599; baseline -0.006 -1"><span class='ocrx_word' id='word_1_203' title='bbox 104 3532 207 3599; x_wconf 90' lang='lat' dir='ltr'><strong>Corde</strong></span> <span class='ocrx_word' id='word_1_204' title='bbox 230 3536 287 3598; x_wconf 89' lang='lat' dir='ltr'><strong>tuo</strong></span> <span class='ocrx_word' id='word_1_205' title='bbox 312 3533 445 3598; x_wconf 89' lang='lat' dir='ltr'><strong>delubra</strong></span> <span class='ocrx_word' id='word_1_206' title='bbox 468 3537 581 3598; x_wconf 87' lang='lat' dir='ltr'><strong>tenens</strong></span> <span class='ocrx_word' id='word_1_207' title='bbox 605 3551 675 3597; x_wconf 90' lang='lat' dir='ltr'><strong>sese</strong></span> <span class='ocrx_word' id='word_1_208' title='bbox 699 3529 854 3596; x_wconf 87' lang='lat' dir='ltr'><strong>omnibus</strong></span> <span class='ocrx_word' id='word_1_209' title='bbox 874 3528 962 3594; x_wconf 80' lang='lat' dir='ltr'><strong>actis</strong></span> 
     </span>
    </p>
   </div>
   <div class='ocr_carea' id='block_1_7' title="bbox 0 0 1226 3832">
    <p class='ocr_par' dir='ltr' id='par_1_8' title="bbox 0 0 1226 3832">
     <span class='ocr_line' id='line_1_36' title="bbox 0 0 1226 3832; baseline 0 0"><span class='ocrx_word' id='word_1_210' title='bbox 0 0 1226 3832; x_wconf 95' lang='lat' dir='ltr'><strong> </strong></span> 
     </span>
    </p>
   </div>
  </div>
 </body>
</html>
