2438 3832
111 162 176 227 170
431 160 577 217 CLAVDII
596 160 795 217 CLAVDIANI

109 323 268 411 luppiter3
290 325 374 389 hanc
396 327 467 389 tota
490 323 637 389 Tritonia
661 321 811 412 Gorgone
834 324 929 389 velat.

108 413 253 478 Arcanos
276 414 339 478 huc
361 413 463 478 Vesta
486 414 585 498 faces,
608 413 671 478 huc
695 414 786 501 orgia
809 435 918 479 secum

109 502 291 568 Transtulit
314 507 346 567 et
368 502 530 590 Phrygios
553 502 701 589 genetrix
724 503 842 568 turrita
864 503 988 589 leoncs3
1072 519 1123 569 1⁷0

108 591 183 656 Huc
206 592 397 676 depulsurus
420 591 552 656 morbos
575 591 772 675 Epidaurius
796 592 914 675 hospes

108 679 262 765 Reptavit
285 681 411 765 placido
434 684 555 765 tractu,
578 684 769 765 vectumque
791 703 849 765 per
871 680 973 745 undas

27 791 33 796 ·
107 768 219 834 Iusula
240 770 417 834 Paeonium
439 771 521 834 texit
544 769 695 834 liberine
718 770 895 835 draconem.

175 858 268 923 Hanc
290 863 327 922 tu
350 881 423 923 cum
446 858 584 943 superis,
608 857 745 924 Stilicho
768 859 944 944 praeclare,
968 860 1083 946 tueris,

107 947 257 1034 Protegis
281 947 365 1012 hanc
388 947 490 1031 clipeo
513 947 653 1032 patriam
671 970 847 1034 regumque
866 948 1046 1032 ducumque
1073 964 1123 1015 111

107 1036 346 1121 Praecipueque
369 1040 467 1102 tuam.
504 1036 602 1101 Dedit
624 1036 703 1101 haec
726 1037 856 1101 exordia
879 1037 961 1101 lucis

107 1125 268 1190 Eucherio
291 1147 490 1210 puerumque
514 1127 619 1190 ferens
642 1125 695 1190 hic
717 1127 807 1213 regia
829 1129 932 1190 mater

105 1212 257 1301 Augusto
280 1215 474 1279 monstravit
497 1238 571 1300 avo3
594 1214 733 1279 lactatus
756 1215 867 1279 atille

107 1302 248 1368 Sustulit
270 1303 305 1366 in
328 1303 426 1387 Tyria
448 1307 629 1387 reptantem
651 1309 740 1368 veste
762 1307 925 1387 nepotem,

106 1391 274 1476 Romaque
296 1393 424 1456 venturi
447 1393 608 1478 gaudebat
630 1394 774 1476 praescia
797 1393 870 1477 fati,
1071 1409 1122 1459 180

108 1480 200 1557 Quod
222 1485 255 1545 te
278 1480 343 1543 iam
365 1484 457 1545 tanto
481 1483 651 1546 meruisset
673 1482 809 1568 pignore
833 1481 943 1546 civem.

172 1569 243 1634 Nec
265 1573 374 1633 tamen
395 1569 560 1656 ingratum
582 1591 654 1656 nec,
678 1571 734 1654 qui
757 1570 924 1635 benefacta
947 1569 1066 1634 referre

105 1657 252 1745 Nesciat,
275 1657 361 1722 hunc
385 1659 493 1723 credas
516 1658 681 1744 populum.
720 1659 755 1724 si
778 1659 907 1724 volvere
929 1659 1055 1742 priscos

105 1746 249 1811 Annales
272 1746 385 1812 libeat:
410 1748 559 1831 quotiens
582 1748 635 1811 hic
657 1749 780 1831 proelia
804 1747 942 1831 sumpsit

104 1836 168 1900 Pro
194 1836 303 1901 sociis!
327 1837 477 1919 quotiens
500 1837 584 1901 dono
609 1838 767 1901 concessit
791 1836 902 1901 amicis
1071 1855 1122 1904 185

105 1924 251 2012 Regibus
273 1923 420 1989 Ausonio
445 1926 606 2009 quaesitas
631 1927 787 2012 sanguine
810 1927 926 1990 terrast

104 2013 241 2078 Publica
264 2014 320 2078 sed
342 2035 519 2096 numquam
541 2018 635 2079 tanto
659 2036 692 2078 se
715 2015 821 2101 gratia
844 2014 928 2078 fudit

104 2102 266 2167 Adsensu:
291 2103 363 2187 quis
387 2103 472 2167 enim
494 2104 643 2187 princeps
665 2124 733 2167 non
756 2103 906 2168 omnibus
929 2103 996 2188 egIt

107 2191 278 2277 Obsequiis
303 2192 467 2257 dominum
492 2214 560 2256 sese
583 2195 772 2277 patremque
795 2192 917 2276 vocari,

106 2279 199 2357 Quod
221 2282 282 2345 tibi
306 2281 468 2346 continuis
491 2283 644 2345 resonant
668 2301 809 2345 convexa
833 2280 968 2344 diebus?
1070 2298 1122 2348 190

104 2369 210 2434 Macte
233 2370 327 2434 novis
351 2369 464 2432 consul
486 2369 605 2434 titulis!
643 2368 803 2434 Mavortia
826 2369 937 2453 plebes

104 2459 149 2523 Te
173 2458 338 2522 dominum
360 2456 463 2521 Bruto
486 2479 552 2522 non
574 2458 762 2544 indignante
785 2458 906 2522 fatetur

103 2547 163 2632 Ec,
187 2547 274 2630 quod
296 2546 400 2609 adhuc
421 2546 513 2609 nullo
536 2547 644 2630 potuit
667 2551 790 2611 terrore
813 2551 923 2612 coacta

103 2636 253 2700 Libertas
275 2635 423 2699 Romana
444 2635 526 2720 pati,
551 2634 739 2700 Stilichonis
764 2636 866 2700 amori

104 2724 240 2790 Detulit.
276 2725 436 2790 Exultant
459 2724 556 2810 avidi,
580 2746 783 2809 quocumque
806 2726 940 2789 decorus
1069 2741 1121 2792 195

105 2812 311 2898 Conspiciare
334 2815 420 2899 loco,
442 2835 623 2898 nomenque
647 2814 687 2877 ad
710 2814 814 2878 sidera
836 2813 958 2878 tollunt

104 2902 173 2968 Nec
195 2926 279 2990 vaga
302 2903 419 2967 dilecto
444 2903 604 2967 satiantur
626 2903 749 2968 lumina
771 2903 878 2967 vultu:

105 2991 169 3056 Seu
193 2993 312 3056 circum
336 2991 456 3056 trabeis
480 2992 682 3078 fulgentibus
705 3014 820 3056 aureus
843 2992 958 3075 intres,

105 3079 169 3145 Seu
193 3081 334 3145 celebres
357 3080 460 3165 iudea,
484 3082 566 3145 solio
591 3103 647 3145 seu
669 3081 772 3145 fultus
796 3080 919 3144 eburno

105 3170 224 3256 Cingas
247 3171 316 3234 iure
339 3169 459 3254 forum,
482 3168 581 3234 denso
605 3192 661 3234 seu
683 3171 813 3234 turbine
836 3169 927 3255 vulgi
1066 3185 1122 3235 200

105 3259 308 3324 Circumfusa
330 3262 405 3322 tuae
429 3258 644 3323 conscendant
667 3263 773 3323 rostra
796 3280 931 3323 secures.

171 3348 356 3425 Quaerere
380 3369 550 3431 procerum
571 3369 680 3433 voces,
703 3368 800 3430 quam
824 3352 911 3412 certa
935 3347 1024 3410 fuere

104 3437 245 3522 Gaudia,
268 3459 341 3501 cum
363 3436 444 3501 totis
468 3457 626 3523 exurgens
650 3436 749 3499 ardua
771 3437 886 3520 pennis

86 3526 169 3605 [prusa
193 3526 272 3589 duci
292 3547 404 3591 sacras
429 3525 578 3592 Victoria
599 3525 754 3612 panderet
776 3525 884 3589 aedes!
