2438 3832
123 147 143 212 6
447 145 594 201 CLAVDII
612 145 810 201 OLAVDIANI

120 308 207 375 Ante
230 309 353 373 dabunt
375 308 497 372 hiemes
519 308 643 393 Nilum,
665 331 723 392 per
744 308 879 373 fiumina
902 307 1047 372 dammae

120 398 287 464 Errabant
310 397 477 483 glacieque
499 397 593 484 niger
615 397 821 462 damnabitur
843 395 953 481 ludus,
1086 413 1137 462 110

120 485 207 551 Ante
230 485 400 570 Thyesteis
424 486 542 550 iterum
565 485 740 550 conterrita
762 485 883 551 mensis

119 574 277 641 Intercisa
301 575 369 638 dies
392 575 523 661 refugos
546 579 690 639 vertetur
712 573 748 639 in
770 578 871 659 ortus,

121 663 224 741 Quam
246 663 373 727 Probus
397 687 415 727 1
437 667 550 727 nostro
573 663 678 747 possit
702 662 863 727 discedere
887 662 1008 726 sensu'.

186 752 322 816 Dixerat
345 755 377 815 et
399 752 494 816 velox
517 751 582 815 iam
604 751 739 816 nuntius
765 751 895 815 advolat
918 751 1039 815 urbem.

119 841 294 924 Extemplo
318 845 481 924 strepuere
505 839 596 904 chori
619 840 781 924 collesque
805 839 932 904 canoris
1086 857 1136 904 175

119 929 294 993 Plausibus
318 929 451 1012 impulsi
475 933 607 1012 septena
629 950 707 993 voce
730 927 898 993 resultant.

119 1018 274 1082 Laetatur
296 1018 475 1082 veneranda
499 1039 614 1100 parens
638 1021 670 1082 et
693 1017 811 1101 pollice
835 1016 929 1081 docto

119 1105 189 1170 Iam
211 1111 305 1190 parat
328 1110 457 1170 auratas
480 1106 609 1170 trabeas
632 1107 821 1188 cinctusque
844 1105 1000 1170 micantes

120 1194 275 1280 Stamina,
299 1195 386 1278 quod
407 1195 500 1259 molli
523 1194 659 1259 tondent
683 1195 721 1259 de
745 1195 857 1278 stipite
881 1193 974 1258 Seres

118 1281 266 1347 Frondea
289 1283 452 1369 lanigerae
476 1287 642 1366 carpentes
665 1283 785 1348 1111111
810 1283 920 1368 silvae,
1084 1299 1135 1348 180

119 1371 164 1435 Et
187 1371 322 1457 longum
344 1376 457 1435 tenues
480 1371 776 1456 tractus'producit
800 1372 835 1435 in
857 1393 972 1435 aurum

118 1458 255 1542 Filaque
279 1463 427 1524 concreto
452 1459 540 1546 cogit
564 1461 711 1543 squalere
732 1460 879 1524 metallo:

120 1546 233 1624 Qualis
256 1570 433 1632 purpureas
456 1549 631 1632 praebebat
657 1548 791 1613 candida
813 1552 920 1613 111111

118 1635 318 1701 Numinibus
340 1637 466 1700 Latona
490 1636 567 1721 suis,
591 1660 664 1701 cum
687 1659 778 1701 sacra
800 1637 942 1701 redirent

118 1723 172 1788 Ad
193 1725 265 1789 loca
287 1724 425 1789 nutricis
449 1725 514 1789 iam
536 1747 603 1789 non
628 1727 768 1790 errantia
791 1725 875 1812 Deli,

118 1812 181 1878 llla
203 1814 289 1878 feros
314 1813 416 1877 saltus
440 1817 472 1877 et
495 1812 639 1878 desolata
663 1814 848 1898 relinquens

118 1901 267 1966 Maenala
289 1902 411 1966 lassato
436 1901 532 1966 certis
555 1902 726 1967 venatibus
750 1925 835 1988 arcu,

118 1990 270 2054 Phoebus
294 1990 398 2055 adhuc
419 1990 525 2077 nigris
547 1991 692 2057 rorantia
715 1992 781 2056 1111
803 1992 935 2056 venenis

118 2079 275 2143 Extincto
298 2079 447 2163 Pythone
471 2102 599 2166 gerens3
622 2084 700 2144 tunc
723 2081 830 2145 insula
851 2085 948 2145 notos

118 2168 249 2232 Lambit
273 2169 375 2232 amica
398 2169 494 2252 pedes
517 2169 664 2252 ridetque
687 2167 835 2255 Aegaeus
859 2169 999 2234 alumnis
1084 2187 1134 2236 100

117 2257 238 2321 Lenior
260 2261 292 2320 et
314 2257 434 2321 blando
458 2261 597 2322 testatur
619 2257 738 2343 gaudia
761 2258 870 2322 fluctu.

187 2345 241 2409 Sic
262 2344 370 2409 Proba
392 2345 565 2428 praecipuo
589 2350 684 2411 natos
708 2349 842 2410 exornat
866 2346 999 2411 amictu:

120 2433 208 2509 Quae
231 2432 360 2497 decorat
383 2432 551 2517 mundum,
575 2433 666 2497 cuius
689 2434 836 2498 Romana
858 2438 1004 2518 potestas

118 2520 254 2586 Fetibus
277 2525 421 2607 augetur.
471 2520 588 2586 Credas
611 2545 651 2587 ex
674 2523 802 2588 aethere
825 2523 951 2607 lapsam

119 2608 212 2675 Stare
234 2609 430 2674 Pudicitiam
452 2611 505 2675 vel
528 2633 618 2675 sacro
642 2615 714 2675 ture
736 2616 884 2676 vocatam

118 2697 275 2762 Iunonem
297 2698 440 2763 Inachiis
464 2701 575 2764 oculos
599 2700 763 2764 advertere
786 2701 925 2784 templis.

119 2787 232 2852 Talem
253 2787 343 2852 nulla
366 2788 465 2852 refert
488 2788 632 2872 antiquis
655 2789 774 2874 pagina
796 2789 891 2852 libris

117 2875 188 2940 Nec
210 2875 323 2940 Latiae
346 2877 488 2941 cecinere
511 2877 609 2941 tubae
631 2899 690 2941 nec
714 2876 812 2941 Graia
834 2882 987 2942 vetustas.

120 2962 266 3050 Coniuge
289 2964 387 3050 digna
409 2964 531 3050 Prob03
553 2988 628 3029 nam
651 2970 779 3030 tantum
802 2966 948 3030 coetibus
972 2971 1060 3032 extet

117 3051 290 3138 Femineis,
314 3057 470 3136 quantum
493 3054 709 3138 supereminet
731 3054 788 3118 ille
811 3055 954 3119 maritos.
1083 3073 1135 3122 200

120 3139 186 3206 Ceu
211 3141 276 3207 sibi
298 3146 467 3227 certantes,
491 3164 585 3206 sexus
610 3143 689 3226 quid
711 3143 816 3226 possit
838 3148 983 3228 uterque,

118 3229 216 3296 Hunc
238 3230 345 3316 legere
368 3234 484 3294 torum.
530 3229 647 3296 Taceat
669 3230 810 3296 Nereida
832 3236 968 3315 nuptam

192 3446 244 3495 198
272 3439 370 3512 Graia]
398 3440 548 3509 Heinsio&
571 3444 662 3510 grata,
683 3457 793 3511 graeca.
895 3446 946 3496 201
967 3403 1048 3516 quid]
1070 3444 1135 3499 ou-

118 3512 225 3581 oerius;
244 3510 301 3580 qui.
385 3542 387 3546 Α
406 3518 457 3566 202
476 3513 583 3584 torum]
605 3512 761 3581 01111111
780 3511 817 3566 ad
835 3512 942 3568 herum.
