2438 3832
276 800 340 873 nn
370 765 654 872 co'usvmrv
684 795 985 871 srrnrcnoms

478 977 600 1038 LIBER
622 975 782 1037 PRIMVS.

581 1110 675 1181 (ΧΗ)

190 1221 388 1287 Continuant
411 1220 519 1305 superi
541 1219 638 1303 pleno
661 1219 809 1285 Romane
831 1220 941 1286 favore

122 1309 246 1376 Gaudia
270 1331 499 1393 successusque
521 1307 615 1373 novis
639 1309 841 1374 successibus
864 1315 998 1398 augent:

122 1399 260 1465 Conubii
282 1399 419 1464 necdum
441 1398 576 1463 festivos
599 1398 690 1484 regia
711 1403 825 1465 cantus

120 1488 278 1573 sopierat,
302 1487 417 1554 cecinit
440 1487 513 1551 fuso
538 1485 674 1551 Gildone
697 1487 890 1574 triumphos,

118 1577 165 1642 Et
188 1576 300 1642 calidis
322 1576 458 1643 thalami
482 1575 636 1641 successit
659 1575 770 1641 laurea
792 1577 897 1662 sortis,
1121 1597 1138 1646 5

120 1664 267 1731 Sumeret
289 1671 326 1731 ut
348 1666 470 1750 pariter
491 1665 640 1749 princeps
662 1687 844 1750 nomenque
866 1666 975 1732 mariti

117 1755 326 1840 Victorisque
350 1755 460 1840 decus3
481 1754 603 1838 Libyae
625 1757 701 1838 post
724 1754 848 1838 proelia
870 1755 992 1821 crimen

121 1842 269 1909 Concidit
290 1844 408 1930 Eoum,
430 1864 605 1926 rursusque
629 1841 760 1909 Oriente
784 1843 919 1910 subacto

121 1932 261 1998 Consule
284 1933 433 1998 defensae
457 1936 596 2019 surgunt
618 1929 798 1997 Stilichone
821 1954 956 1999 secures.

121 2019 240 2087 Ordine
262 2026 340 2086 vota
361 2026 479 2086 meant.
515 2020 676 2104 Equidem
699 2021 728 2085 si
750 2042 879 2087 carmen
900 2023 1056 2089 inunum
1103 2041 1139 2091 10

119 2110 296 2175 Tantarum
319 2133 444 2195 sperem
467 2110 613 2175 cumulos
636 2109 805 2175 advolvere
827 2132 944 2196 rerum,

118 2198 306 2284 Promptius
320 2200 494 2284 ,imponam
516 2197 645 2285 glaciali
667 2198 782 2265 Pelion
805 2198 913 2265 Ossae.

120 2286 154 2352 si
177 2292 303 2372 partem
325 2289 465 2353 tacuisse
487 2287 593 2374 velim,
617 2287 839 2371 quodcumque
862 2288 1052 2374 relinquam,

119 2375 225 2439 Maius
249 2376 318 2440 erit.
354 2375 489 2440 Veteres
512 2380 604 2440 actus
626 2375 827 2459 primamque
849 2377 1013 2441 iuventam

118 2463 322 2548 Prosequor?
346 2465 386 2528 ad
409 2487 478 2529 sese
500 2469 642 2529 mentem
663 2465 845 2548 praesentia
868 2465 997 2530 ducunt.
1102 2483 1136 2533 15

118 2552 255 2619 Narrem
278 2553 459 2618 iustitiam?
481 2555 555 2638 plus
579 2553 725 2636 splendet
748 2553 853 2640 gloria
875 2553 999 2619 Martis,

117 2640 245 2706 Armati
268 2643 405 2707 referam
427 2643 534 2707 vires?
556 2643 631 2726 plus
654 2642 722 2729 egit
744 2642 884 2707 inermia.

120 2729 213 2808 Quod
234 2733 329 2797 floret
351 2731 490 2818 Latium,
512 2731 607 2795 Latio
632 2731 718 2814 quod
740 2731 864 2796 reddita
887 2730 986 2796 servit

118 2817 239 2906 Africa,
261 2821 403 2886 vicinum
427 2821 512 2903 quod
534 2819 638 2884 nescit
661 2819 796 2884 Hiberia
817 2818 977 2905 Maurum,

117 2907 202 2973 Tuta
226 2909 312 2992 quod
334 2910 497 2973 imbellem
521 2909 658 2973 miratur
681 2908 787 2973 Gallia
809 2909 967 2995 Rhenum,
1098 2926 1137 2977 20

117 2996 187 3062 Aut
210 2997 349 3084 gelidam
372 2997 518 3061 Thracen
540 2998 784 3080 decertatosque
806 2998 934 3062 labores

117 3086 230 3150 Hebro
249 3089 332 3151 teste
356 3087 490 3151 canam?
526 3085 682 3172 Magnum
704 3086 784 3150 mihi
806 3087 959 3170 panditur
982 3109 1114 3174 aequor,

115 3172 255 3259 Ipsaque
278 3174 402 3239 Pierios
425 3174 549 3239 lassant
571 3175 727 3259 proclivia
751 3197 864 3239 currus

114 3263 281 3328 Laudibus
305 3263 490 3328 innumeris.

543 3351 675 3416 Etenim
698 3352 891 3416 mortalibus
914 3375 953 3417 ex
976 3375 1041 3437 quo

115 3438 227 3505 Tellus
250 3445 366 3527 coepta
389 3441 461 3531 coli,
483 3463 660 3527 numquam
684 3441 807 3506 sincera
830 3442 989 3507 bonorum
1098 3461 1137 3510 25
