2438 3832
356 124 640 182 ADNOTATIONXS
658 125 836 184 cmrrcsa.
1017 131 1108 186 XXIX

85 292 138 341 235
157 287 279 358 uiderat]
305 285 406 356 optimi
429 288 518 342 testes
537 288 601 356 VO,
628 305 748 357 qnorum
771 289 971 344 auctoritatem
994 307 1043 344 cur
1065 308 1108 346 re-

158 357 300 426 pellamus
319 374 376 412 non
394 357 486 414 rideo.

84 434 138 483 303
159 431 234 484 torui
252 430 384 500 lacrimis]
410 429 480 484 duce
504 429 524 484 Ο
549 430 722 500 transposui,
750 431 817 499 quia
844 434 922 487 amat
948 435 1035 502 poeta
1058 434 1107 488 ad·

158 499 296 554 iectivum
313 500 461 554 conlocare
480 503 546 555 ante
570 501 825 571 penthemimeren,
850 503 874 557 si
898 503 1108 558 substantivum

158 571 192 624 in
209 571 265 624 fine
282 572 409 641 positum
427 573 479 626 est.

84 648 138 697 337
159 643 237 711 quod
250 641 292 696 Bi.
307 642 469 698 Munditiae
482 641 708 713 interpungendo
725 645 875 713 separarit,
890 643 983 698 minus
998 644 1106 714 placet;

159 730 214 783 ego
242 731 337 768 mrsus
366 713 497 768 coniunxi
524 716 686 785 minimeque
712 717 806 770 uiriles
832 718 993 772 munditiae.
1033 716 1107 770 hanc

157 801 260 839 vocem
278 787 373 839 autem
388 785 423 838 de
438 784 613 840 orationis
627 785 768 840 munditia
783 788 841 841 sive
855 790 1005 841 venustate
1021 787 1108 842 inter-

156 860 263 927 pretor,
279 856 354 924 quod
363 856 411 911 rix
421 872 491 926 opus
502 859 546 910 est
560 857 696 927 exemplis
711 858 914 913 commendare.
942 858 983 912 sic
992 858 1109 912 tandem

159 929 322 995 excusatur,
348 927 424 996 quod
442 927 517 982 inter
540 927 677 996 asyndeta
700 928 788 983 semel
809 928 972 983 intermissa
996 932 1040 984 est
1063 947 1107 985 co·

158 998 230 1067 puls
248 1015 298 1068 que
310 997 341 1051 in
354 1001 525 1069 minimeque,
544 1015 600 1066 quo
618 997 815 1053 offendebatur
828 999 934 1054 Bittius
953 1000 999 1071 (cf.
1018 1001 1108 1070 praef.

158 1087 189 1139 p.
199 1069 331 1139 CCXXI);
351 1072 396 1123 est
409 1069 483 1123 enim
497 1070 651 1125 munditiae
665 1071 786 1124 alterum
801 1071 958 1126 subiectum
972 1076 1002 1126 et
1015 1073 1109 1142 ipsum

159 1156 272 1208 quoque
292 1140 329 1194 ed
346 1139 542 1209 praedicatum
562 1143 624 1195 laus
641 1143 764 1196 maxima
782 1141 914 1210 pertinet.

84 1216 139 1266 340
150 1213 272 1282 obruet]
290 1209 406 1279 Birtius,
425 1212 501 1280 quod
520 1211 557 1265 ad
576 1228 690 1266 sensum
709 1211 791 1267 unice
810 1213 940 1280 quadrat.
968 1213 1004 1267 de
1018 1213 1108 1268 varie·

159 1284 222 1336 tate
242 1283 442 1352 scripturarum
460 1283 525 1337 ride
544 1281 605 1337 eius
625 1285 795 1352 apparatum
813 1283 950 1340 criticum.
984 1286 1108 1338 ceterum

159 1352 322 1408 defenditur
339 1355 415 1421 quod
434 1353 510 1407 edidi
529 1355 616 1407 etiam
639 1353 766 1408 versibus
790 1354 873 1423 huius
897 1354 964 1408 libri
982 1361 1108 1423 37—39,

159 1424 211 1478 nbi
219 1427 305 1549 pplelta
315 1423 589 1493 Constantinopolim
598 1442 649 1494 pro
660 1424 825 1479 criminibus
835 1425 966 1495 Eutropii
973 1425 1106 1494 Neptuno

158 1511 246 1550 conce
268 1495 296 1550 't

84 1572 138 1621 351
160 1567 275 1638 defossi]
294 1565 375 1635 V1p,
395 1566 446 1619 sed
464 1583 479 1621 o
498 1565 537 1618 V1
555 1566 585 1619 in
603 1566 699 1636 litura,
721 1568 820 1634 defessi
834 1569 861 1623 ς.
894 1567 1026 1622 defossi
1044 1567 1105 1621 iure

161 1638 289 1692 defendit
307 1636 471 1706 Trumpius,
490 1653 582 1706 neque
602 1637 676 1692 enim
694 1646 771 1710 terpa
789 1640 887 1706 defessi
909 1638 967 1692 dici
989 1640 1108 1707 possunt

159 1708 289 1764 homines
308 1707 360 1776 illi,
380 1709 429 1776 qui
446 1708 606 1777 principum
624 1725 738 1763 munere
753 1710 915 1780 funguntur,
936 1709 986 1763 sed
1001 1710 1108 1763 habent

160 1797 229 1834 sane
260 1781 290 1833 in
322 1779 409 1848 tergis
443 1780 590 1835 verberum
621 1780 746 1850 vestigia
776 1781 794 1836 i.
825 1799 848 1837 e.
881 1780 994 1834 defossa
1026 1783 1108 1850 terga

159 1850 332 1906 verberibus.

84 1927 232 1977 397-339
259 1921 467 1992 praestantium
493 1921 620 1975 codicum
649 1920 700 1977 EG
732 1922 899 1992 scripturam
925 1924 1046 1990 fauorem
1074 1939 1107 1976 eo

160 1993 253 2064 magis
272 1992 475 2047 restituendam
494 1993 608 2062 putavi,
632 2010 687 2060 qno
710 1992 868 2047 faciliorem
891 2010 952 2048 esse
976 1993 1108 2047 videbam

159 2080 283 2120 errorem
300 2063 474 2131 reliquorum
491 2082 518 2118 m
535 2063 621 2118 finale
640 2063 842 2118 omittentium.
874 2065 949 2119 unde
973 2064 1042 2132 quid
1065 2066 1107 2118 lu-

159 2153 282 2202 cremur,
305 2135 337 2188 in
354 2133 504 2204 propatulo
525 2137 580 2200 est3
604 2137 667 2189 tota
686 2134 761 2188 enim
778 2135 878 2188 harum
903 2135 1107 2189 sententiarum

159 2205 504 2348 cimdisibbbiomior
517 2206 596 2287 facta
610 2208 662 2274 est,
676 2205 924 2330 Ubi.a{⁰¹¹⁸affiv⁰.³t
935 2207 1108 2330 Tarbipiitum

159 2296 175 2332 e
252 2296 272 2332 u
359 2294 388 2332 os
411 2293 540 2347 separare
563 2293 621 2330 ram
646 2294 703 2331 non
725 2295 755 2330 ru
778 2295 862 2332 emur.
900 2293 997 2346 saque
1020 2295 1050 2330 1n
1066 2295 1107 2340 er-

158 2347 341 2418 punotionem
359 2349 476 2403 mutavi.
508 2364 591 2418 porro
610 2350 739 2403 timidum
763 2365 796 2402 ex
815 2347 938 2403 omnium
961 2350 1019 2403 fere
1044 2366 1107 2402 oon·

159 2435 245 2473 sensu
266 2419 391 2489 praetuli
410 2419 515 2488 qnippe
541 2419 615 2488 quod
640 2418 808 2474 attributum
832 2420 1011 2489 aptissimam
1033 2421 1106 2474 rela-

158 2493 267 2545 tionem
283 2491 391 2544 habeat
408 2490 445 2543 ad
464 2507 524 2547 oves
542 2506 615 2558 quae
639 2493 806 2560 sequuntur3
831 2495 861 2545 et
883 2491 989 2561 optime
1008 2491 1039 2544 in
1058 2508 1105 2546 ore

158 2561 271 2630 Leonis,
289 2561 390 2616 militis
409 2560 535 2630 gloriosi,
554 2562 669 2617 timidus
687 2561 768 2616 audit
787 2562 972 2618 adversarius.

82 2639 137 2689 471
155 2633 312 2704 puppibus]
331 2635 449 2703 spectari
467 2650 480 2687 e
494 2635 639 2702 puppibus
652 2632 678 2686 V
693 2632 877 2701 similiterque
891 2635 923 2686 ut
936 2633 1049 2687 ridetur
1063 2633 1106 2701 1³¹,

159 2703 237 2771 quod
256 2703 389 2773 displicet
406 2705 522 2772 propter
540 2703 641 2758 elisam
655 2706 667 2758 i
681 2703 816 2758 vocalem.
848 2702 1002 2758 infeliciter
1020 2703 1106 2758 etiam

157 2774 293 2830 Heinsius
312 2792 325 2829 e
343 2776 459 2845 rupibus
477 2774 612 2840 coniecit;
630 2791 698 2827 nam
715 2777 817 2828 nautas
837 2791 906 2843 esse,
926 2774 974 2842 qni
992 2776 1108 2829 nuntios

159 2846 196 2900 de
214 2845 352 2900 incendiis
371 2845 510 2912 adferant,
529 2845 651 2900 maxime
671 2845 824 2914 conligitur
842 2862 878 2899 ex
892 2864 917 2899 r.
933 2851 995 2914 473,
1014 2845 1063 2899 ubi
1078 2845 1106 2899 in

158 2916 263 2987 pelago
280 2916 381 2971 favilla
399 2915 470 2972 velis
494 2916 644 2972 inhaerens
668 2916 840 2971 observatur.
874 2916 995 2984 denique
1014 2917 1108 2971 locum

161 2988 203 3043 sic
223 2987 332 3058 explico
351 2990 384 3042 nt
397 2989 541 3058 puppibus
559 2987 598 3041 sit
616 2987 741 3043 dativus:
761 3003 869 3058 puppes
888 2988 968 3057 ipsae
981 2987 1012 3042 in
1026 2987 1108 3040 navi-

159 3059 256 3128 gando
276 3062 407 3128 spectant
425 3059 508 3112 urbes
528 3075 668 3114 accensas.

82 3137 139 3186 489
158 3131 265 3202 remur]
283 3130 359 3198 qnod
377 3129 516 3199 praebent
534 3128 654 3197 codices,
673 3129 746 3184 ferre
764 3145 882 3198 nequeo,
904 3128 972 3197 quia
990 3131 1107 3184 eventus

160 3218 255 3256 rerum
277 3207 353 3256 certe
375 3200 513 3270 magister
535 3217 593 3254 non
616 3204 672 3269 est,
699 3217 752 3255 nec
775 3200 800 3254 si
824 3218 916 3257 rerum
939 3199 1107 3256 adsecutus

160 3272 268 3338 trahas,
286 3272 318 3325 id
337 3272 406 3327 satis
424 3273 532 3340 placet3
556 3289 622 3326 nam
646 3279 755 3328 euentus
778 3272 908 3327 absolute
930 3270 1040 3340 positus
1064 3274 1108 3326 est

160 3343 238 3413 apud
256 3343 367 3398 Livium
384 3343 463 3396 XXll
482 3347 579 3410 33,10
601 3345 722 3412 (eremius
739 3345 885 3399 stulterum
907 3345 957 3397 iste
979 3345 1107 3414 mapister

159 3418 210 3485 esi)
234 3416 264 3470 et
285 3415 361 3484 apud
380 3413 511 3468 Ovidium
529 3414 644 3469 Heroid.
658 3415 685 3467 H
699 3420 732 3468 85
744 3432 784 3482 sq.
808 3419 911 3479 (emeat
933 3415 1106 3482 successibus,

159 3492 235 3558 epte,
252 3488 376 3557 quisquis
394 3487 429 3540 ab
443 3492 540 3541 eoeutu
552 3487 629 3555 factu
642 3487 770 3544 uotuuda
782 3487 887 3558 putotl.
915 3483 1122 3554 resepi'xgxtnr
