2438 3832
100 176 209 248 (XXII.)
223 175 272 230 DE
287 174 436 231 CONSVL.
452 173 677 230 smlcflorus
691 174 801 228 LIBER
815 174 1013 230 SECVNDVS.
1049 175 1113 239 153

100 339 194 418 Quod
216 339 297 405 libet
321 338 521 424 obsequeris,
543 360 602 402 nec
626 342 738 402 contra
760 339 856 402 nixus
881 342 1031 403 ovantem

100 428 294 516 Confringas
318 428 474 512 animum3
498 431 620 491 secreto
645 448 786 492 consona
809 449 908 513 regno
1109 426 1112 432 '

100 517 166 583 Ceu
188 519 336 582 iuvenem
360 517 488 600 doceas,
511 515 613 580 moles
638 516 715 599 quid
737 515 867 600 publica
889 520 1015 600 poscat:
1081 515 1114 582 71

100 607 167 673 Ceu
190 610 337 671 sanctum
359 626 509 670 venerere
533 627 641 669 senem
663 605 842 688 patriisque
865 605 1025 691 gubernes

98 695 273 780 Imperium
295 694 442 779 monitis3
466 694 632 758 dominum
655 694 846 758 summissus
870 693 996 780 adores,
1060 717 1062 720 ’

100 784 272 869 Obsequiis
294 783 458 848 moderere
482 783 608 868 ducem,
631 783 752 866 pietate
774 787 949 866 parentem.

99 873 185 938 Hinc
207 872 271 938 fuit
293 875 330 936 ut
352 872 474 956 primos
497 872 532 936 in
555 872 692 959 coniuge
715 873 851 936 disceret
873 871 966 959 ignes

99 961 269 1046 Ordin'que
292 962 397 1026 virum
418 983 486 1025 non
508 961 694 1026 luxuriante
716 962 860 1046 iuventa,
1082 977 1115 1027 76

101 1051 163 1117 Sed
187 1073 259 1116 cunr
282 1051 354 1137 lege
378 1051 455 1135 tori,
479 1054 569 1114 casto
593 1071 666 1114 curn
689 1050 816 1114 foedere
839 1049 945 1114 vellet.

99 1141 248 1225 Principe
272 1145 309 1204 tu
332 1139 410 1203 felix
434 1160 565 1225 genero:
589 1138 714 1202 felicior
736 1139 792 1202 ille

99 1228 144 1294 Te
168 1251 287 1293 socero.

336 1317 484 1382 Fratrem
507 1317 609 1381 levior
631 1337 690 1380 nec
715 1338 790 1381 cura
813 1320 924 1381 tuetur
983 1393 988 1396 ,

101 1406 289 1492 Arcadium3
312 1427 384 1492 nec,
408 1407 435 1470 si
459 1406 536 1490 quid
558 1406 645 1470 iners
668 1400 764 1488 atque
787 1405 886 1489 impia
909 1406 1005 1471 turba

99 1495 317 1560 Praetendens
339 1496 471 1579 proprio
494 1516 612 1559 nomen
634 1495 743 1581 regale
763 1495 867 1560 furori
1081 1511 1116 1560 80

100 1584 242 1671 Audeat,
265 1585 422 1648 adscribis
444 1585 560 1649 iuveni.
596 1584 767 1648 Discordia
791 1584 909 1669 quippe

103 1672 183 1738 (lum
207 1674 372 1758 fremeret,
394 1695 571 1757 numquam
595 1672 733 1738 Stilicho
757 1673 803 1737 sic
826 1673 956 1737 canduit
979 1673 1041 1759 ira,

101 1761 202 1846 Saepe
225 1763 396 1826 lacessitus
419 1763 547 1845 probris
570 1761 752 1849 gladiisque
774 1762 912 1846 petitus,

99 1851 147 1916 Vt
169 1851 256 1915 bello
278 1850 394 1915 Furias
416 1851 536 1936 ultum,
560 1873 640 1934 quas
663 1850 811 1936 pertulit,
834 1851 896 1914 iret

100 1938 231 2005 Inlicito
256 1961 448 2023 causamque
472 1939 561 2004 daret
585 1939 734 2004 civilibus
758 1940 868 2004 armis:
1082 1955 1116 2005 86

102 2028 202 2094 Cuius
224 2028 308 2092 fulta
331 2027 394 2092 fide
416 2029 530 2105 mediis
554 2028 752 2093 dissensibus
775 2027 867 2092 aulae

100 2117 371 2182 intemeratorum
394 2116 502 2181 stabat
525 2117 703 2182 reverentia
725 2116 872 2181 fratrum.

101 2207 188 2283 Quin
210 2210 242 2271 et
266 2205 415 2270 Sidonias
439 2205 623 2289 chlamydes
646 2210 678 2270 et
702 2205 831 2291 cingula
853 2205 943 2268 bacis

99 2295 226 2379 Aspera
248 2298 490 2382 gemmatasque
513 2299 608 2380 togas
631 2294 812 2376 viridesque
835 2294 1005 2380 smaragdo

100 2384 233 2449 Loricas
255 2384 429 2469 galeasque
451 2382 666 2447 redundantes
691 2382 876 2466 hyacinthis
1083 2400 1117 2449 90

103 2473 318 2555 Gestatosque
342 2470 427 2555 patri
451 2472 574 2556 capulis
597 2471 798 2536 radiantibus
822 2494 914 2537 enses

101 2562 146 2627 Et
169 2562 258 2627 vario
281 2560 425 2645 lapidum
449 2560 619 2625 distinctas
641 2561 716 2646 igne
740 2582 875 2625 coronas

101 2650 228 2716 Dividis
251 2672 291 2715 ex
314 2671 430 2733 aequo:
452 2671 493 2713 ne
515 2671 583 2715 non
606 2653 744 2736 augusta
767 2649 912 2734 supellex

103 2739 308 2823 Ornatusque
331 2760 424 2822 pares
447 2739 585 2824 geminis
607 2739 779 2802 heredibus
802 2742 918 2803 essent.

102 2828 248 2893 Mittitur
271 2832 303 2892 et
326 2827 433 2911 miles,
456 2828 603 2910 quamvis
627 2826 799 2891 certamine
821 2831 931 2911 partes

101 2916 171 2983 Iam
195 2921 348 2981 tumeant.
386 2914 524 2979 Hostem
546 2916 666 2980 muniri
688 2915 805 2980 robore
827 2915 930 2979 mavis

103 3006 206 3084 Quam
229 3027 359 3091 peccare
382 3003 491 3068 fidem:
514 3004 676 3088 permittis
698 3004 785 3068 iusta
806 3004 930 3087 petenti

101 3094 203 3179 quue
225 3118 326 3182 negas
350 3094 465 3179 solum,
488 3093 579 3158 cuius
602 3114 678 3158 mox
700 3093 770 3177 ipsc
792 3092 922 3176 repulsa

104 3183 250 3251 Gaudeat
273 3189 305 3250 et
329 3183 486 3268 quidquid
508 3182 613 3246 fuerat
637 3181 778 3246 deforme
801 3182 923 3246 mereri.

173 3272 293 3339 Omnes
316 3278 490 3358 praeterea,
512 3293 594 3354 puro
619 3293 700 3355 quae
724 3270 858 3335 crimina
879 3269 1006 3353 pellunt
1068 3288 1119 3337 100

103 3361 179 3448 Ore,
203 3363 279 3427 deae
302 3363 433 3427 iunxere
457 3361 573 3425 choros
596 3376 725 3444 unoque
748 3363 895 3443 receptae

102 3451 238 3516 Pectore
262 3452 405 3518 diversos
428 3454 535 3514 tecum
558 3449 732 3536 cinguntur·
754 3449 789 3513 in
811 3469 898 3512 usus.

100 3538 234 3605 lustitia
256 3540 392 3606 utilibus
415 3543 540 3605 rectum
561 3559 761 3626 praeponere
782 3536 902 3602 suadet
