2438 3832
123 172 188 237 102
445 169 592 226 calven
610 170 810 229 OLAVDIANI

117 332 287 399 Culmina?
311 335 496 400 sufficerent
519 334 621 399 tantis
645 355 727 417 quae
750 338 881 418 pectora
905 333 1014 398 curis?

118 422 191 487 Stes
215 423 290 488 licet
313 424 348 487 in
370 423 505 508 populo,
529 423 645 487 clamet
670 422 863 506 quicumque
886 421 1022 486 videbit:

117 511 182 576 Hic
205 517 268 597 est,
291 512 344 576 hic
368 511 518 576 Stilicho!
565 511 618 576 sie
642 533 676 575 se
699 515 840 575 testatur
863 514 895 575 et
919 511 1013 575 offert

117 598 211 665 Celsa
233 600 407 684 potestatis
432 601 567 685 species,
590 622 656 664 101
679 621 757 664 voce
780 600 893 685 feroci,

114 688 192 754 Non
215 690 282 752 alto
307 689 458 753 simulata
480 688 597 775 gradu⁷
620 711 686 752 non
709 688 858 772 improba
881 692 984 774 gestu.

115 777 290 842 Adfectant
314 778 369 842 alii
393 777 550 862 quidquid
572 777 716 863 fingique
739 778 904 861 laborant,

113 864 186 930 Hoc
210 866 308 931 donat
330 872 447 930 natura
470 866 540 931 tibi.
585 865 695 930 Pudor
719 866 835 930 emicat
858 888 922 930 una

114 954 355 1039 Formosusque
378 956 468 1042 rigor
491 955 665 1038 vultusque
689 959 823 1018 auctura
846 953 1002 1019 verendos

116 1041 259 1108 Canities
282 1044 401 1108 festina
424 1044 520 1109 venit.
568 1043 649 1107 Cum
673 1047 760 1107 sorte
784 1047 908 1107 remota

115 1131 292 1219 Contingat
317 1134 406 1198 senio
430 1133 574 1219 gravitas
597 1132 746 1215 viresque
770 1132 932 1215 iuventae,

113 1220 259 1304 Vtraque
282 1227 314 1286 te
338 1222 441 1308 cingit
465 1220 608 1306 propriis
631 1220 814 1306 insignibus
838 1224 935 1307 aetas.

114 1307 256 1373 Ornatur
277 1308 423 1375 Fortuna
445 1311 525 1375 vire.
571 1307 648 1374 Non
670 1308 739 1372 ulla
761 1308 897 1373 nocendi

113 1397 192 1461 Tela
213 1420 273 1462 nec
296 1398 408 1462 infecti
431 1398 553 1484 iugulis
578 1397 730 1462 civilibus
754 1419 854 1461 enses.

112 1485 190 1550 Non
214 1486 322 1550 odium
345 1490 467 1551 terrore
491 1508 600 1551 moves
623 1508 682 1550 nec
705 1487 795 1550 frena
818 1484 953 1550 resolvit

114 1573 240 1660 Gratia3
264 1575 429 1661 diligimus
452 1575 574 1659 pariter
597 1575 782 1659 pariterque
805 1575 966 1639 timemus.

112 1661 186 1747 Ipse
209 1667 313 1728 metus
337 1668 370 1728 te
392 1669 503 1728 noster
527 1668 626 1748 amat,
650 1663 828 1727 iustissime
851 1664 960 1748 legum

114 1750 264 1838 Arbiter,
287 1753 435 1839 egregiae
458 1753 547 1837 pacis
571 1752 726 1816 fidissime
749 1756 873 1837 custos,

113 1839 242 1925 Optime
266 1840 449 1927 ductorum,
473 1841 731 1906 fortunatissime
753 1845 891 1925 patrum.

112 1928 192 1994 Plus
215 1930 294 2015 iam,
316 1932 391 2014 plus
415 1930 545 1995 domino
569 1929 677 1994 cuncti
701 1930 816 1994 debere
839 1931 991 2013 fatemur,
1078 1945 1132 1994 335

114 2017 207 2095 Quod
229 2041 327 2105 gener
351 2025 413 2104 est,
436 2020 569 2104 invicte,
592 2023 677 2083 tuus.
724 2019 856 2084 Vincire
880 2039 1012 2102 corona3

112 2105 223 2172 Insere
246 2112 278 2172 te
300 2109 423 2172 nostris
447 2112 633 2192 contempto
656 2108 727 2171 iure
750 2107 884 2171 choreis

113 2195 167 2261 Sic
189 2219 269 2280 puer
291 2196 471 2262 Eucherius
495 2203 624 2280 superet
647 2197 768 2261 virtute
790 2199 969 2279 parentem3

112 2283 220 2349 Aurea
244 2286 291 2349 sic
314 2285 421 2350 udeat
445 2286 567 2349 similes
591 2285 800 2350 Thermantia
823 2284 946 2368 taedas3

113 2371 167 2437 Sic
189 2378 300 2437 uterus
324 2380 445 2438 crescat
469 2374 606 2459 Mariae3
631 2374 677 2438 sic
699 2377 796 2438 natus
820 2373 855 2437 in
878 2377 967 2436 ostro
1077 2387 1131 2437 340

111 2461 235 2526 Parvus
258 2462 461 2526 Honoriades
484 2462 621 2549 genibus
646 2463 792 2528 considat
816 2461 933 2526 avitis?
