2438 3832
99 162 162 226 118
201 222 204 226 ,
418 161 565 217 CLAVDII
583 160 792 236 CLAVDIANI¹

96 322 155 389 Nil
179 327 248 388 tum
273 322 433 389 Castaliae
457 324 537 388 rivis
561 324 786 389 communibus
809 325 913 393 undae

97 412 292 497 Dissimiles,
315 413 373 477 vili
396 434 456 477 nec
479 413 639 496 discrepat
663 412 777 479 arbore
800 414 921 500 laurus,

97 501 266 584 Antraque
288 505 412 566 maesta
436 501 532 566 silent
556 501 796 585 inconsultique
819 525 973 569 recessus.

96 590 143 655 At
167 589 195 654 11
218 589 369 655 Phoebus
393 589 483 655 adest
506 594 539 654 11
562 589 662 654 frenis
685 591 977 679 grypha-iugalem
1082 611 1118 660 ao

97 679 244 763 Riphaeo
268 679 414 763 tripodas
437 682 585 763 repetens
609 678 745 743 detorsit
769 680 809 744 ab
834 703 902 766 axe,

97 767 188 831 Tunc
212 767 321 854 silvae,
344 771 422 831 tunc
445 771 538 831 antra
561 767 665 852 loqui,
687 771 766 831 tune
788 768 895 834 vivere
918 770 1036 855 fontes,

98 856 188 920 Tunc
211 878 300 920 sacer
322 855 439 919 horror
462 855 554 939 aquis
578 855 748 939 adytisque
772 857 947 922 effunditur
969 857 1063 923 Echo

99 944 224 1009 Olarior
247 949 279 1008 et
303 943 415 1008 doctae
440 944 564 1028 spirant
587 945 756 1030 praesagia
778 968 883 1030 rupes.

98 1033 181 1097 Ecce
204 1032 354 1096 Palatino
379 1032 479 1096 crevit
502 1033 681 1096 reverentia
704 1034 808 1098 monti
1083 1052 1118 1102 35

96 1122 299 1205 Exultatque
321 1121 490 1185 habitante
514 1121 572 1185 deo
595 1121 786 1205 potioraque
809 1122 946 1206 Delphis

98 1210 306 1295 Supplieibus
329 1209 394 1274 1111
417 1209 548 1293 populis
572 1209 702 1274 oracula
723 1210 837 1294 pandit

98 1298 208 1382 Atque
232 1320 306 1362 1111
330 1299 370 1362 ad
394 1297 488 1384 signa
510 1298 601 1363 iubet
624 1299 815 1363 revirescere
838 1299 958 1365 laurus.

165 1387 241 1452 Non
266 1387 365 1450 ahum
389 1391 473 1450 certe
498 1387 604 1451 decuit
627 1386 807 1451 rectoribus
831 1387 919 1452 orbis

97 1476 180 1540 Esse
203 1475 313 1560 larem,
336 1475 491 1558 nulloque
514 1476 620 1562 magis
643 1497 677 1539 11
701 1475 783 1540 00111
805 1481 951 1560 potestas
1083 1495 1120 1545 40

98 1563 260 1628 Aestimat
284 1567 316 1627 et
341 1564 458 1628 summi
481 1564 580 1628 sentit
603 1564 736 1650 fastigia
759 1564 848 1629 iuris.

97 1652 263 1717 Attollens
288 1652 412 1737 apicem
436 1653 589 1717 subiectis
612 1653 701 1739 regia
724 1653 840 1717 rostris

98 1741 161 1806 Tot
185 1741 304 1805 circum
328 1741 460 1806 delubra
482 1741 569 1807 videt
592 1742 757 1825 tantisque
780 1741 913 1806 deorum

99 1828 249 1917 Cingitur
272 1830 429 1894 excubiisl
466 1829 560 1894 Iuvat
582 1830 667 1894 infra
690 1834 776 1895 tecta
799 1829 956 1895 Tonantis

99 1918 234 1983 Cernere
259 1918 396 2002 Tarpeia
418 1918 593 2002 pendentes
616 1940 695 2003 rupe
720 1918 879 2005 Gigantas
1081 1936 1118 1986 45

101 2006 310 2089 Caelatasque
334 2007 420 2070 fores
443 2006 620 2090 mediisque
643 2007 787 2072 volantia
811 2008 905 2094 signa

99 2095 253 2160 Nubibus
277 2099 309 2158 11
333 2095 467 2159 densum
491 2095 688 2179 stipantibus
711 2096 842 2160 aethera
865 2095 996 2180 templis

98 2183 250 2267 Arvaque
273 2184 400 2249 vestitis
423 2206 595 2248 numerosa
617 2206 724 2268 puppe
748 2184 907 2248 columnis

101 2271 235 2338 Consita
259 2273 477 2355 subnixasque
500 2272 586 2358 iugis
609 2272 794 2336 inmanibus
818 2271 921 2357 aedes,

99 2361 259 2426 Naturam
283 2362 466 2426 cumulante
489 2383 600 2445 manu,
624 2360 802 2444 spoliisque
824 2359 980 2425 micantes
1084 2379 1122 2428 50

99 2448 290 2513 Innumeros
314 2469 415 2513 arcus.
460 2447 556 2513 Acies
580 2453 689 2533 stupet
711 2449 787 2535 igne
810 2449 935 2514 metalli

97 2538 144 2601 Et
169 2537 362 2601 circumfuso
386 2536 550 2621 trepidans
575 2537 767 2602 obtunditur
789 2559 876 2603 auro.

166 2624 369 2711 Agnoscisne
391 2629 475 2711 tuos,
498 2626 646 2710 princeps
670 2626 861 2713 venerande,
883 2624 1038 2710 penates?

102 2714 192 2778 Haec
216 2718 305 2800 sunt,
329 2736 411 2797 quae
433 2714 548 2798 primis
572 2714 649 2779 olim
672 2714 808 2778 miratus
832 2715 868 2778 in
890 2713 983 2778 amris

99 2803 196 2867 Patre
220 2803 274 2886 pio
298 2807 499 2867 monstrante
522 2825 610 2886 puer.
653 2802 712 2867 Nil
736 2803 878 2887 optimus
901 2802 958 2867 ille
1084 2820 1121 2870 55

99 2893 259 2957 Diuorum
282 2895 354 2956 toto
377 2892 495 2976 meruit
518 2892 646 2956 felicius
669 2913 758 2976 aevo,

102 2980 205 3057 Quam
229 2982 315 3063 quod
339 2980 507 3045 Romuleis
530 2980 634 3045 victor
657 2980 718 3044 sub
741 2979 911 3045 moenibus
934 2980 1003 3068 egit

100 3069 145 3133 Tc
170 3073 319 3133 consorte
343 3068 425 3154 dies,
449 3091 522 3134 cum
546 3091 579 3133 sc
602 3069 792 3133 melioribus
816 3069 935 3134 addens

101 3157 268 3241 Exemphs
293 3157 394 3221 civem
417 3160 543 3244 gereret
566 3161 688 3222 terrore
711 3162 846 3243 remoto,

101 3247 255 3310 Alternos
280 3269 352 3310 cum
375 3246 469 3330 plebe
491 3247 580 3310 iocos
604 3247 784 3330 dilectaque
807 3269 922 3330 passus
1085 3263 1123 3313 60

100 3333 212 3421 Iurgia
234 3335 453 3420 patriciasque
477 3335 589 3399 domos
612 3336 802 3420 privataque
825 3334 947 3419 passim

171 3533 207 3581 48
224 3528 370 3601 Arvaque]
389 3545 452 3601 epa·
469 3528 607 3598 Aeraque.
