2438 3832
97 149 165 213 240
430 149 576 205 CLAVDIl
595 148 792 204 CLAVDIANI

96 307 225 376 Deserit
248 315 280 376 11
303 312 419 376 rutilas
442 311 581 376 declinat
603 313 638 375 in
661 311 771 376 oscula
795 310 917 375 cristas.
1082 327 1118 378 oo

166 400 254 477 Quae
276 401 352 487 tibi,
376 423 468 465 saeve
490 423 583 487 puer,
605 423 672 464 11011
695 405 745 465 111
767 399 923 484 permissa
945 401 1117 484 potestas?

97 486 147 552 Tu
170 512 325 576 magnum
348 511 480 573 superas
503 490 628 554 fulmen
651 489 803 571 caeloque
826 488 940 552 relicto

97 575 268 643 Fluctibus
290 579 325 642 in
347 579 461 642 modiis
486 579 575 665 cogis
598 579 724 664 mugire
746 577 935 642 Tonantem.

97 662 167 730 Iam
190 667 314 753 gelidas
336 689 433 752 rupes
455 667 593 750 vivoque
617 665 758 731 carentia
782 688 879 730 sensu

97 753 244 819 Membra
266 755 357 842 feris,
379 757 444 820 iam
468 778 545 819 saxa
567 756 633 819 tuis
657 755 797 819 obnoxia
820 754 908 840 talia,
1081 773 1117 822 oo

97 842 143 906 Et
166 843 289 928 lapides
313 866 390 908 suus
414 844 509 908 ardor
532 845 614 930 agn,
636 844 820 927 ferrumque
843 847 971 908 tenetur

97 928 287 1019 Inlecebris3
310 933 415 1019 rigido
438 937 576 1019 regnant
598 934 634 998 in
655 954 815 997 marmore
837 934 993 997 flammae.

385 1122 389 1130 ·
490 1126 575 1181 xxx.
595 1125 721 1195 (xxix.)

445 1257 548 1316 LAVs
573 1257 767 1317 SERENAE.

164 1376 240 1461 Dic,
262 1397 334 1439 mea
358 1375 517 1462 Calliope,
540 1379 632 1440 tanto
657 1398 713 1440 cur
736 1379 880 1459 tempore
903 1374 1012 1439 differs

97 1459 205 1529 Pierio
228 1464 376 1527 meritam
400 1468 485 1528 serto
510 1465 658 1528 redimire
682 1463 856 1529 Serenam?

97 1552 172 1617 Vile
195 1557 291 1636 putas
315 1552 447 1638 donum,
472 1553 602 1617 solitam
625 1575 818 1640 consurgere
840 1552 976 1639 gemmis

97 1638 143 1706 Et
166 1641 279 1705 Rubro
302 1641 426 1705 radiare
449 1641 530 1705 mari
554 1641 582 1705 si
604 1642 740 1706 floribus
764 1663 858 1706 ornes

97 1729 241 1816 Reginae
264 1730 376 1816 regina
400 1731 546 1794 comam?
570 1731 625 1794 sed
648 1731 783 1795 floribus
806 1730 887 1814 illis,
1101 1747 1118 1794 5

99 1818 187 1895 Quos
209 1840 313 1902 neque
336 1819 513 1905 frigoribus
536 1819 657 1883 Boreas
679 1841 738 1883 nec
761 1818 865 1884 Sirius
887 1818 953 1882 urit

97 1906 267 1993 1111111111,
290 1911 420 1972 aeterno
444 1908 500 1971 sed
521 1908 606 1972 veris
629 1907 752 1971 honore
774 1908 927 1971 rubentes

97 1996 185 2060 Fons
207 1996 398 2083 Aganippea
421 1996 620 2060 Permessius
643 1997 757 2060 educat
779 1995 877 2060 unda:

97 2085 191 2149 Vnde
213 2086 285 2169 piae
307 2089 485 2169 pascuntur
507 2106 583 2168 apes
607 2088 639 2148 11
661 2088 755 2167 prata
777 2084 923 2170 legentes

98 2173 338 2238 Transmittunt
362 2174 475 2238 saeclis
497 2172 668 2237 Heliconia
690 2173 787 2237 mella
809 2173 936 2236 futuris.
1082 2189 1118 2238 10

164 2261 304 2349 Dignius
328 2285 370 2327 an
391 2266 482 2327 vates
505 2262 587 2326 alios
611 2261 752 2326 exercuit
775 2284 876 2325 unum

96 2348 266 2416 Femineae
289 2351 421 2415 virtutis
445 2351 550 2433 opus?
588 2350 680 2426 Quod
703 2353 818 2433 sponte
841 2349 1006 2431 redempto

99 2439 196 2503 Casta
218 2440 361 2503 maritali
384 2439 537 2503 successit
560 2438 715 2503 Thessala
737 2438 806 2502 fato

96 2525 199 2610 Inque
224 2549 299 2591 suos
322 2528 461 2614 migrare
484 2527 590 2591 virum
611 2549 679 2592 non
701 2527 815 2590 abnuit
839 2547 955 2610 annos,

97 2615 170 2680 Hoc
194 2614 271 2680 Grai
293 2619 481 2681 memorant.
522 2617 625 2680 Latiis
647 2619 756 2680 movet
780 2637 836 2679 ora
860 2613 1008 2678 Camenis
1083 2631 1120 2680 11

97 2704 246 2769 Praescia
268 2705 411 2769 fatorum
434 2705 593 2789 Tanaquil
615 2705 804 2787 rediensque
826 2725 884 2787 per
905 2703 1007 2767 undas

100 2793 222 2858 Cloelia
246 2793 429 2878 Thybrinas
453 2798 484 2858 61
508 2794 618 2858 eodem
640 2794 772 2858 flumine
796 2792 915 2856 ducens

101 2883 233 2947 Claudia
256 2883 401 2969 virgineo
426 2886 630 2947 cunctantem
654 2883 740 2947 crine
764 2881 925 2965 Cybeben.

98 2971 192 3036 Anne
216 2972 304 3035 aliud
326 2975 398 3036 toto
421 2971 556 3036 molitur
579 2972 730 3035 carminis
754 2973 829 3034 actu

98 3059 239 3125 Maeonii
262 3083 352 3124 mens
376 3061 443 3124 alta
467 3060 575 3123 senis?
612 3058 705 3135 Quod
728 3063 844 3144 stagna
868 3057 1049 3142 Charybdis
1083 3074 1120 3122 20

98 3147 260 3235 Amavit,
285 3149 371 3232 quod
395 3148 504 3232 Scylla
528 3170 636 3233 011111,
659 3148 746 3231 quod
767 3147 884 3232 pocula
909 3146 1013 3230 Circe,

97 3236 297 3322 Antiphatae
320 3239 422 3303 vitata
445 3238 547 3301 fames
571 3236 731 3320 surdoque
755 3237 863 3300 carina

98 3326 232 3413 Remige
257 3325 405 3392 Sirenum
429 3330 543 3391 cantus
565 3329 749 3390 transvecta
772 3329 913 3411 tenaces,

97 3414 234 3479 humine
257 3416 425 3480 fraudatus
450 3414 603 3501 Cyclops,
626 3418 811 3498 contempta
835 3413 991 3498 Calypso:

87 3502 276 3588 Penelopae
300 3505 396 3570 decus
421 3508 470 3571 111
494 3509 591 3590 atque
614 3504 671 3568 uni
694 3507 786 3567 tanta
808 3507 942 3587 paratur
1084 3519 1121 3567 25
