2438 3832
123 154 189 220 216
405 165 407 169 ⁷
449 153 595 210 aaaron
613 113 814 211 caiuumru

524 386 572 441 ru.
592 385 738 467 (cxxxi.)

449 519 505 578 AD
529 517 814 579 AETERNALEM.

65 646 67 651 '
127 636 290 721 Quidquid
315 635 456 702 Castalio
480 639 518 702 de
541 637 670 724 gurgite
692 636 845 702 Phoebus
868 637 1010 724 anhelat,

127 725 290 810 Quidquid
312 725 444 790 fatidico
468 727 573 812 mugit
597 727 721 790 cortina
744 748 887 812 recessu,
988 779 990 784 ,

127 815 277 880 Carmina
301 819 390 901 sunt3
414 815 470 879 sed
491 816 589 879 verba
611 819 733 901 negant
757 815 938 879 communia
960 815 1082 881 Musae.

127 903 277 970 Carmina
300 905 370 969 sola
393 904 521 987 loquor:
545 904 591 967 sic
614 926 665 967 me
687 926 777 968 meus
800 905 914 988 implet
936 903 1065 988 Apelle.

552 1078 599 1134 ru.
618 1077 715 1150 (arv.)

407 1209 644 1271 DESCRIPTIO
667 1211 860 1271 ARMENTI.

125 1331 203 1396 Non
225 1331 307 1395 tales
332 1330 494 1414 quondam
518 1329 639 1412 species
662 1328 740 1393 tulit
764 1334 981 1395 armentorum

170 1420 280 1484 Tellus
303 1419 482 1505 tergemino
507 1418 636 1482 subdita
660 1416 810 1500 Geryoni.

124 1508 202 1574 Non
223 1509 320 1593 taleS,
344 1506 519 1592 Clitumna
541 1507 631 1570 lavas
653 1507 690 1570 in
706 1507 841 1593 gurgite
864 1512 989 1594 tauros,

171 1596 308 1680 Tarpeio
332 1596 475 1661 referunt
499 1617 580 1679 quos
603 1595 657 1679 pia
680 1600 756 1659 vota
778 1594 858 1660 Iovi.
986 1653 989 1658 .

124 1685 202 1751 Non
224 1685 301 1749 talis
324 1685 438 1768 Tyrias
462 1684 618 1768 sparsisse
640 1683 793 1748 iuvencus
817 1684 953 1748 harenas
1125 1704 1143 1751 5

170 1774 311 1860 Dicitur,
335 1778 482 1858 optatum
506 1772 634 1856 quando
657 1773 780 1837 revexit
804 1795 894 1837 onus.

124 1863 202 1929 Non
226 1864 378 1928 Cretaeus
402 1884 479 1948 ager
499 1883 559 1927 nec
582 1861 682 1925 amati
705 1861 833 1925 conscia
856 1862 941 1925 tauri

171 1951 298 2017 Cnosos
321 1973 380 2015 nec
403 1951 524 2014 similes
547 1951 672 2034 paverit
694 1949 752 2014 Ida
775 1950 869 2015 feros,

124 2040 199 2126 Ipse
222 2046 254 2105 et
279 2038 447 2124 dispariles
469 2043 616 2103 monstro
640 2038 830 2103 commissus
854 2039 888 2102 in
911 2042 1001 2103 artus

172 2128 234 2205 Qui
257 2129 378 2194 crimen
400 2128 513 2193 matris
537 2127 680 2192 condidit
705 2149 759 2192 ore
781 2149 866 2191 novo
1112 2146 1147 2194 ιο

131 2219 208 2284 Cres
231 2241 311 2302 puer
333 2219 420 2282 haud
443 2217 542 2281 talem
564 2216 725 2300 potuisset
749 2216 879 2279 reddere
902 2216 1053 2302 formam,

170 2308 360 2371 Portassent
383 2311 490 2371 totum
514 2306 541 2369 si
564 2306 632 2369 fera
655 2304 799 2369 membra
821 2310 955 2389 patrem.

517 2481 550 2536 v.
570 2480 744 2548 (cxxxvi.)
799 2516 811 2546 ,,
941 2518 944 2526 .

274 2612 348 2671 EST
371 2613 416 2672 IN
440 2611 672 2672 CONSPECTV
695 2609 831 2671 LONCE
855 2611 991 2672 LOCVS.

126 2734 189 2798 Est
211 2732 326 2818 procul
347 2730 473 2817 ingenti
496 2730 585 2817 regio
609 2732 770 2793 summota
793 2750 934 2814 recessu,

127 2822 238 2887 Insula
262 2844 325 2905 qua
348 2820 467 2884 resides
490 2820 608 2883 fluctus
631 2819 798 2882 mitescere
822 2818 909 2904 cogit

52 2927 54 2932 '
128 2911 168 2976 In
190 2913 324 2997 longum
347 2909 504 2993 producta
526 2908 627 2993 latuS,
650 2907 834 2990 fractasque
856 2929 914 2990 per
936 2906 1039 2970 undas

37 3045 52 3061 „
128 3000 240 3064 Ardua
263 2999 440 3082 tranquillo
464 3002 638 3062 curvantur
661 2996 793 3060 brachia
815 2999 920 3079 portu,

516 3173 563 3229 vr.
582 3171 756 3241 (imvm.)
849 3176 853 3186 ·

349 3306 522 3365 amauri
543 3303 682 3391 ‚runnu
704 3302 775 3361 ran
797 3254 924 3361 racia.

128 3425 169 3492 In
191 3425 345 3512 iaculum,
369 3423 592 3507 quodcumque
615 3422 713 3509 gerit,
736 3420 896 3485 dementia
918 3424 1032 3486 mutat.

119 3514 284 3593 Omm'bus
305 3517 456 3581 armatur
478 3513 594 3579 rabies
631 3511 693 3577 Pro
718 3510 847 3594 cuspide
870 3509 948 3574 ferri
