2438 3832
263 132 385 204 (XVIII.)
404 134 444 188 IN
462 134 678 190 EVTROPIVM
696 133 805 188 LIBER
822 133 968 190 PRIMVS.
1076 135 1119 202 59

96 295 271 360 Diversum
295 297 462 381 suspendit
485 319 580 384 onus,
604 320 677 362 cum
699 296 839 381 pondere
862 296 958 361 iudex

98 383 229 470 Vergit,
252 385 343 449 etin
365 386 510 473 geminas
532 391 627 451 nutat
650 386 816 470 provincia
838 386 954 450 lances.

166 472 244 538 Non
266 474 365 558 pudet
388 474 460 559 heu,
484 476 601 561 superi,
623 475 763 559 populos
786 475 894 538 venire
918 475 978 539 sub
1002 475 1119 540 hasta?

99 561 278 626 Vendentis
302 568 387 627 certe
410 564 537 646 pudeat.
583 563 653 641 Quo
676 564 746 628 iure
770 563 932 647 sepultum
1066 581 1116 629 111

98 649 297 734 Mancipium
320 656 371 716 tot
393 674 493 738 regna
515 657 618 737 tenet,
640 657 691 717 tot
714 651 867 717 distrahit
889 653 1009 717 urbes?

95 738 281 804 ‘Pollentem
304 740 386 805 solio
412 739 566 806 Croesum
588 741 724 806 victoria
748 740 825 826 (tyri

99 827 225 914 Fregit,
247 832 285 892 ut
308 829 455 894 eunucho
478 829 592 894 flueret
614 830 768 895 Pactolus
791 833 823 894 et
846 828 1009 895 Hermus?

92 915 232 981 'Attalus
255 916 404 981 heredem
426 918 531 983 voluit
554 923 600 1004 te,
623 918 740 1003 Roma,
763 918 916 1003 relinqui,
1067 935 1118 985 115

98 1005 234 1069 Restitit
257 1004 440 1070 Antiochus
462 1007 662 1091 praescripto
685 1007 830 1093 margine
853 1006 965 1093 Tauri,

98 1091 279 1158 Indomitos
303 1116 398 1158 curru
422 1094 577 1160 Servilius
601 1096 668 1182 egit
691 1095 821 1160 Isauros

100 1180 146 1246 Et
168 1182 293 1246 Pharos
316 1181 467 1269 Augusto
490 1184 590 1248 iacuit
613 1184 665 1249 vel
689 1184 784 1248 Creta
806 1182 954 1269 Metello,

100 1269 151 1335 Ne
173 1293 241 1335 non
263 1271 424 1356 Eutropio
449 1277 603 1356 quaestus
626 1272 829 1337 numerosior
851 1274 958 1338 esset?

99 1357 139 1423 In
161 1380 299 1424 meroem
322 1361 455 1425 veniunt
480 1360 609 1446 Cilices,
631 1360 762 1447 Iudaea,
786 1360 934 1445 Sophene
1066 1379 1118 1428 110

99 1447 328 1533 Romanusque
351 1449 445 1513 labor
466 1448 718 1534 Pompeianique
741 1450 913 1532 triumphi:

167 1535 237 1612 Quo
261 1538 360 1601 struis
383 1538 444 1602 hos
467 1539 537 1602 auri
561 1539 729 1603 cumulos?
753 1560 834 1623 quae
857 1539 994 1626 pignora
1017 1540 1118 1605 tantis
1205 1604 1215 1621 ‚

95 1624 277 1690 Succedunt
301 1627 439 1710 opibus?
484 1626 599 1692 Nubes
623 1626 759 1691 ducasve
782 1627 906 1692 licebit:

99 1712 286 1796 Numquam
304 1719 406 1779 mater
423 1715 495 1800 eris,
512 1737 690 1799 numquam
707 1719 813 1800 pater3
832 1715 894 1780 hoc
912 1717 974 1782 tibi
988 1716 1119 1802 ferrum,

99 1800 172 1866 Hoc
193 1806 311 1866 natura
332 1808 439 1889 negat.
485 1803 530 1868 Te
553 1803 731 1890 grandibus
754 1802 846 1868 India
868 1805 1019 1890 gemmis,
1066 1823 1118 1871 115

99 1889 145 1953 Τ1
169 1890 257 1953 foliis
280 1890 404 1956 Arabes
428 1892 544 1977 ditent,
567 1897 600 1956 te
622 1893 741 1957 vellere
764 1891 870 1957 Seres:

98 1977 219 2043 Nullus
242 1979 337 2063 inops
360 1981 452 2065 ade0,
474 1981 601 2044 nullum
625 1982 672 2045 sic
694 1985 789 2067 urget
812 1985 953 2068 egestas,

99 2066 145 2130 Vt
169 2066 247 2131 velit
270 2067 422 2151 Eutropii
445 2068 611 2133 fortunam
633 2073 666 2133 et
689 2070 833 2133 membra
855 2070 983 2153 pacisci.

167 2154 300 2238 lamque
324 2157 426 2220 oblita
450 2158 500 2220 sui
521 2179 581 2221 nec
605 2158 714 2221 sobria
738 2156 859 2221 divitiis
882 2179 973 2222 mens

100 2242 139 2307 ln
162 2244 296 2307 miseras
318 2245 406 2330 leges
429 2245 661 2329 hominumque
683 2245 815 2332 negotia
838 2245 929 2309 ludit.
1065 2263 1119 2313 131

98 2331 225 2396 Iudicat
248 2333 426 2419 eunuchus,
450 2334 528 2418 quid
549 2335 615 2399 iam
638 2334 676 2399 de
699 2333 831 2399 consule
853 2334 975 2398 miror?

99 2420 301 2507 Prodigium,
325 2422 548 2506 quodcumque
572 2422 664 2510 gerit.
710 2422 798 2500 Quae
820 2423 940 2509 pagina
962 2422 1037 2488 lites

98 2509 154 2575 Sic
178 2514 265 2574 actas
288 2511 456 2575 meminit?
480 2512 598 2594 quibus
620 2533 774 2594 umquam
797 2512 924 2576 saecula
947 2513 1042 2576 terris

99 2597 251 2662 Eunuchi
273 2598 379 2663 videre
402 2599 531 2664 forum?
577 2598 640 2664 Sed
661 2621 702 2664 111
726 2621 789 2684 qua
811 2604 940 2665 vacaret

99 2686 180 2752 Pars
202 2687 380 2774 ignominia
403 2710 466 2752 11111
489 2688 567 2773 quid
589 2692 727 2753 restaret
748 2688 912 2774 inausum,
1065 2706 1117 2756 135

100 2774 201 2839 Arma
224 2777 321 2840 etiam
344 2777 465 2841 violare
487 2781 581 2860 parat
603 2781 818 2861 portentaque
840 2778 995 2843 monstris

101 2863 246 2950 Aggerat
269 2869 301 2929 et
325 2887 433 2930 secum
456 2865 606 2948 petulans
629 2865 770 2931 amentia
793 2870 903 2931 certat.

100 2953 243 3018 Erubuit
265 2953 395 3018 Mavors
419 2976 593 3038 aversaque
616 2955 689 3019 risit
711 2954 807 3039 Enyo

101 3041 247 3106 Dedecus
269 3042 390 3127 Eoum,
414 3042 564 3126 quotiens
586 3044 712 3109 intenta
735 3043 865 3130 sagittis

101 3129 146 3194 Et
169 3130 321 3213 pharetra
344 3131 473 3217 fulgens
496 3153 577 3196 auus
601 3136 767 3197 exercetur
789 3131 935 3196 Amazon
1066 3149 1118 3199 140

101 3217 234 3283 Arbiter
257 3223 313 3283 aut
337 3220 486 3303 quotiens
510 3220 589 3284 belli
610 3221 763 3305 pacisque
785 3221 921 3285 recurrit

102 3304 362 3391 Adloquiturque
386 3307 493 3373 Getas.
540 3307 666 3373 Gaudet
689 3331 762 3373 cum
784 3309 900 3373 viderit
922 3308 1028 3373 hostis

101 3395 146 3459 Et
170 3397 268 3461 sentit
291 3397 356 3461 iam
380 3396 488 3462 deesse
511 3397 607 3462 viros.
652 3395 803 3462 Incendia
825 3397 966 3482 fumant,

100 3483 204 3549 Muris
226 3485 317 3551 nulla
340 3486 433 3571 fides,
456 3487 606 3570 squalent
627 3487 838 3572 populatibus
861 3487 936 3573 agri
