2438 3832
113 136 158 200 40
440 137 587 192 CLAVDII
605 137 805 192 CLAVDIANI

116 297 249 383 Semper
272 299 375 385 inops,
399 322 460 364 ven
460 300 550 383 tique
573 299 669 363 fidem
692 300 846 400 poscebat
869 303 1008 367 e.tanni
1095 322 1129 370 65

114 387 208 451 Hanc
233 410 360 488 quoque
382 411 468 453 nunc
493 387 588 453 Gildo
611 388 719 472 rapuit
705 389 803 453 tsub
828 390 891 454 fine
915 391 1057 461 cadentis

113 474 181 540 Aut
167 477 280 541 tumni
326 476 447 542 Pavido
470 477 622 541 metimur
646 477 773 541 caerula
796 482 882 564 voto

113 563 285 649 Puppis
260 588 288 629 s1
312 588 376 649 qua
399 566 495 649 venit,
519 566 547 629 si
571 565 648 649 quid
670 565 808 630 fortasse
830 589 873 650 po
874 531 957 632 111111

113 653 176 718 Vel
199 653 303 737 pudor
326 655 462 719 extorsit
447 618 615 719 tdomino
639 655 690 719 vel
713 655 832 739 praeda
855 656 994 740 reliquit.

112 741 280 806 Pascimur
303 743 415 806 arbit‘
374 747 438 807 trro
461 742 568 807 Mauri
590 765 650 807 nec
672 743 761 808 debit
746 747 781 808 11
803 744 902 830 reddi,
1095 765 1129 813 70

114 829 177 894 Sed
199 853 258 895 sua
282 830 444 895 concedi
435 835 519 895 11111
520 831 740 931 tgaudetque
763 832 896 897 diurnos

113 917 160 982 Vt
182 919 322 983 famulae
344 920 498 1004 praebere
521 919 681 984 cibosvit
634 924 799 1003 vitamque
821 921 1002 1006 famemque

112 1007 227 1072 Librat
250 1008 419 1073 barbarico
443 1009 508 1071 fast
494 1012 531 1071 tu
553 1007 707 1095 vulgique
731 1009 878 1093 superbit

111 1094 184 1161 Flet
185 1096 314 1161 ibust
282 1100 351 1161 ett
353 1101 446 1161 antae
470 1097 637 1181 suspendit
660 1097 728 1161 fata
751 1097 870 1162 ruinae.

112 1184 287 1249 Romuleas
310 1184 420 1249 vendit
435 1190 569 1338 segetes
592 1188 625 1249 et
647 1185 791 1268 possidet
815 1208 891 1251 1111
1093 1209 1127 1257 ‘15

111 1272 310 1337 Vulneribus
333 1273 479 1357 quaesita
501 1274 590 1338 meis.
635 1271 827 1338 Ideonetot
793 1278 953 1340 otannos

110 1360 234 1425 Flebile
258 1365 368 1426 cumt
353 1361 477 1426 tumida
500 1362 622 1426 bellum
646 1360 841 1449 Carthagine
864 1364 972 1450 gessi?

111 1447 234 1514 Idcirco
258 1449 362 1514 voluit
347 1453 570 1534 ttoontempa
535 1451 663 1515 111111
686 1451 804 1515 reverti

110 1538 277 1624 Regulus?
314 1538 376 1602 hoc
398 1539 532 1624 damnis,
554 1538 692 1625 genitor,
716 1538 938 1605 Cannensibus
961 1543 1046 1608 emi?

110 1625 351 1690 Incassumtot
301 1626 421 1691 totiens
444 1627 535 1691 lituis
557 1627 728 1691 navalibus
752 1628 831 1692 arsit
1090 1651 1126 1699 so

110 1714 293 1799 Hispanum
316 1713 524 1799 Siculumque
546 1715 610 1780 fret
596 1720 666 1780 tum
688 1720 795 1781 vastat
762 1739 879 1800 raraque
901 1719 1000 1783 tellus

110 1802 173 1867 Tot
159 1808 236 1886 tque
260 1803 356 1866 duces
379 1803 463 1867 caesi
486 1808 645 1887 ruptaque
668 1805 804 1869 emissus
828 1805 868 1868 ab
892 1804 975 1890 Alpe

109 1889 292 1956 Poenust
260 1895 334 1955 eta
316 1892 504 1956 attonitae
495 1915 560 1956 ram
582 1893 750 1976 proximus
773 1893 939 1958 Hannibal
961 1896 1056 1961 urbi?

110 1980 239 2045 Scilicet
225 1984 300 2044 tut
323 1980 434 2045 domit
411 1985 454 2045 111
477 1981 638 2045 frueretur
660 1982 818 2047 barbarus
841 1981 941 2069 Afris,

108 2070 203 2133 Muro
228 2069 367 2134 sustinui
390 2070 528 2134 Martem
550 2073 726 2154 noctesque
750 2073 899 2134 cruentas
1090 2091 1124 2141 85

111 2157 237 2223 Collina
260 2180 320 2242 pro
343 2163 432 2222 turre
455 2158 540 2223 tuli?
577 2157 725 2223 Gildonis
749 2159 790 2223 ad
811 2180 907 2223 usum

111 2245 274 2333 Carthago
297 2251 348 2311 ter
370 2246 456 2312 victa
478 2247 567 2311 ruit?
603 2245 676 2310 Hoc
697 2246 786 2310 mille
809 2248 968 2332 gementis

108 2334 222 2400 Italiae
246 2335 351 2398 clades
374 2335 582 2419 impensaque
605 2335 860 2420 11111111111111,

108 2423 181 2488 Hoc
203 2422 324 2486 Fabius
347 2423 507 2507 fortisque
529 2423 610 2486 mihi
632 2423 806 2488 Marcellus
829 2423 979 2510 agebant,

108 2511 154 2576 Vt
179 2510 274 2575 Gildo
299 2512 476 2577 cumularet
500 2512 599 2595 opes?
635 2511 774 2576 Haurire
797 2533 919 2576 11111111
1089 2533 1125 2581 11

109 2599 331 2700 Compulimus
355 2600 460 2664 dirum
484 2599 664 2683 Syphacem
686 2601 769 2664 fract
755 2604 889 2683 tumque
911 2600 979 2667 Met
965 2603 1044 2668 tello

107 2688 310 2753 Traximus
301 2711 462 2753 mmanem
484 2687 580 2752 Marii
604 2688 664 2752 sub
688 2688 794 2752 vincla
816 2686 1018 2776 Iugurtham,

107 2778 152 2844 Et
175 2776 336 2843 Numidae
360 2776 508 2842 Gildonis
532 2777 648 2841 erun?
683 2776 748 2841 Pro
772 2778 886 2842 funera
908 2781 1008 2864 tanta,

106 2868 171 2933 Pro
195 2865 347 2931 labor!
338 2888 374 2929 m
395 2865 516 2929 Bocchi
521 2887 702 3017 tregnum
699 2864 826 2929 sudavit
849 2869 984 2950 uterque

107 2955 192 3041 Scip
183 2977 224 3019 11.
270 2954 417 3018 Romano
441 2953 565 3017 vicistis
589 2953 745 3039 sanguine
767 2953 882 3019 Mauri.
1087 2973 1122 3023 95

105 2979 182 3111 Illep
190 3043 245 3107 diu
267 3042 361 3106 miles
384 3041 534 3128 populus,
558 3042 614 3126 qui
636 3041 776 3126 praefuit
800 3043 881 3129 orbi,

107 3134 169 3213 Qui
191 3132 321 3197 trabeas
344 3135 376 3195 et
400 3135 527 3215 sceptra
550 3131 656 3218 dabat,
680 3152 775 3214 quem
799 3152 924 3215 semper
946 3131 982 3196 in
1004 3133 1102 3198 annis

105 3221 306 3288 Horribilem
330 3224 452 3305 gentes,
474 3219 637 3303 placidum
661 3241 788 3284 sensere
811 3220 973 3306 subactae,

105 3312 202 3378 Nunc
224 3309 402 3372 inhonorus
425 3329 523 3394 egens
546 3311 666 3392 perfert
689 3307 873 3373 miserabile
895 3309 985 3392 pacis

106 3396 307 3484 Supplicium
329 3397 484 3480 nulloque
506 3398 615 3480 palam
639 3397 854 3461 circumdatus
877 3397 970 3461 hoste
1070 3416 1122 3465 111

107 3486 239 3552 Obsessi
262 3484 434 3550 discrimen
456 3485 562 3550 habet.
607 3485 670 3551 Per
693 3485 822 3573 singula
844 3486 947 3550 letum
