2438 3832
104 165 240 237 (XXXV.)
254 166 302 220 DE
313 165 434 221 EAPTV
445 164 698 221 PROSERPINAE
712 164 821 218 LIBER
832 164 1031 223 SECVNDVS.
1051 166 1116 230 281

105 327 219 414 Sitque
242 334 350 394 ratum
373 329 597 413 quodcumque
619 328 729 394 voles.⁹

178 460 183 471 ·
763 417 853 482 Haec
875 419 964 483 fatus
988 422 1123 483 ovantes

104 507 307 572 Exhortatur
330 529 429 591 equos
453 510 485 570 et
508 506 642 570 Tartara
665 507 776 572 mitior
797 507 907 572 intrat.

107 595 310 661 Conveniunt
333 596 466 682 animae,
489 599 627 679 quantas
640 596 825 661 'violentior
847 595 968 661 Auster

104 685 237 749 Decutit
260 685 431 750 arboribus
454 684 584 748 frondes
608 688 664 748 aut
686 685 829 749 nubibus
852 686 973 750 imbres

85 802 86 805 ¹
106 773 242 862 Colligit
265 779 321 839 aut
344 774 467 860 frangit
489 774 608 837 fluctus
632 777 688 837 aut
710 778 842 858 torquet
865 774 1015 861 harenas3
1069 792 1123 842 310

106 862 293 947 Cunctaque
315 862 484 947 praecipiti
508 862 671 945 stipantur
694 863 821 927 saecula
845 886 941 928 eursu

104 950 270 1039 insignem
293 953 402 1017 visura
425 974 552 1016 nurum.
589 950 667 1015 Mox
689 952 759 1036 ipse
783 975 915 1017 serenus

104 1039 290 1128 ingreditur
312 1041 402 1105 facili
423 1062 539 1124 passus
562 1040 749 1105 mollescere
772 1041 840 1106 risu

105 1130 349 1213 Dissimilisque
372 1130 431 1194 sui.
468 1129 617 1193 Dominis
640 1129 839 1194 intrantibus
863 1131 978 1217 ingens

104 1217 263 1305 Adsurgit
285 1218 503 1305 Phlegethont
526 1218 741 1305 flagrantibus
763 1218 893 1303 hispida
915 1220 996 1284 rivis
1069 1237 1121 1286 316

104 1309 213 1373 Barba
235 1308 342 1373 madet
364 1311 500 1391 totoque
523 1308 628 1371 fluunt
651 1307 799 1372 incendia
820 1309 922 1373 vultu.

173 1396 354 1462 Occurnmt
376 1396 508 1481 properi
530 1397 614 1460 lecta
637 1396 675 1460 de
697 1397 792 1481 plebe
814 1397 970 1462 ministri:

104 1486 185 1552 Pars
209 1488 293 1552 altos
317 1490 469 1551 revocant
493 1508 605 1551 currus
628 1485 792 1571 frenisque
816 1487 933 1551 solutis

104 1576 246 1641 Vertunt
269 1577 420 1641 emeritos
443 1575 484 1639 ad
505 1597 625 1659 pascua
647 1580 726 1639 nota
747 1575 886 1662 iugales3

42 1683 44 1687 “
105 1664 186 1729 Pars
209 1667 321 1730 aulaea
343 1668 469 1751 tenent3
492 1664 556 1728 alii-
572 1668 757 1748 praetexere
780 1665 879 1729 ramis

104 1754 234 1818 Limina
257 1759 289 1818 et
312 1755 347 1818 in
368 1754 549 1817 thalamum
572 1752 676 1817 cultas
700 1755 854 1818 extollere
877 1759 992 1819 vestes.

105 1843 264 1929 Reginam
287 1847 377 1906 casto
401 1843 570 1906 eluxerunt
593 1841 721 1928 agmine
743 1846 863 1906 matres

105 1932 237 2016 Elysiae
260 1935 435 2014 teneroque
458 1931 567 1995 levant
591 1952 737 1995 sermone
759 1931 893 1996 timores

105 2021 151 2085 Et
175 2042 305 2105 sparsos
327 2020 468 2106 religant
491 2019 595 2083 crines
619 2022 651 2083 et
673 2020 819 2085 uiltibus
843 2020 964 2085 addunt

106 2109 270 2174 Flammea
295 2109 472 2173 sollicitum
494 2108 717 2193 praeveletura
739 2109 903 2193 pudorem,

172 2198 299 2263 Pallida
321 2198 463 2262 laetatur
485 2197 575 2284 regio
599 2201 776 2284 gentesque
799 2198 944 2281 sepultae

104 2288 285 2352 Luxuriant
309 2287 478 2371 epulisque
500 2290 617 2351 vacant
639 2286 821 2372 genialibus
846 2288 988 2353 umbrae.

107 2376 207 2442 Grata
230 2376 377 2440 coronati
398 2379 559 2463 peragrmt
583 2374 730 2440 convivia
751 2375 877 2463 Manes3

106 2466 275 2550 Rumpunt
297 2465 424 2529 insoliti
447 2466 618 2530 tenebrosa
642 2465 772 2529 silentia
795 2469 922 2553 eantus3

107 2555 267 2621 Sedentur
289 2555 438 2642 gemitus.
475 2554 576 2619 Erebi
600 2576 634 2618 se
658 2558 773 2639 sponte
796 2556 920 2619 relaxat

107 2644 246 2730 Squalor
270 2650 302 2709 et
325 2649 488 2709 aeternam
510 2643 636 2729 patitur
658 2665 818 2708 rarescere
840 2649 982 2731 noctem,

105 2734 196 2798 Vma
218 2757 278 2799 nec
299 2735 440 2798 incertas
462 2738 570 2798 versat
593 2733 717 2797 Minoia
741 2736 853 2798 sortes.

106 2822 251 2887 Verbera
272 2823 364 2887 nulla
387 2827 504 2887 sonant
526 2822 682 2905 nulloque
704 2821 874 2885 frementia
898 2822 990 2886 luctu

106 2910 210 2995 Impia
234 2911 343 2975 dilatis
366 2911 527 2994 respirant
550 2910 686 2974 Tartara
708 2909 835 2993 poenis:

106 2999 184 3064 Non
206 3003 278 3064 rota
301 3021 494 3084 suspensum
514 3021 667 3083 praeceps
690 2996 805 3062 Ixiona
827 3003 958 3083 torquet

106 3088 183 3154 Non
206 3111 290 3172 aqua
313 3088 478 3153 Tantaleis
502 3087 693 3151 subducitur
715 3087 824 3152 invida
846 3088 955 3154 labris

107 3176 252 3242 Solvitur
274 3176 368 3263 Ixion
391 3182 423 3242 et
445 3176 602 3241 Tantalus
625 3176 749 3240 invenit
772 3177 874 3241 undas

105 3267 151 3331 Et
174 3266 289 3351 Tityos
312 3267 442 3332 tandem
466 3265 628 3351 spatiosos
652 3265 749 3351 erigit
773 3269 863 3330 artus

108 3354 357 3440 Squalentisque
378 3378 495 3421 novem
518 3354 639 3419 detexit
662 3355 775 3441 iugera
799 3355 903 3440 campi

123 3445 246 3509 Tantus
271 3442 368 3531 erat),
390 3444 565 3528 laterisque
587 3443 681 3530 piger
704 3445 847 3508 sulcator
871 3446 963 3530 opaci

147 3535 235 3599 vitus
257 3533 400 3598 trahitur
422 3535 509 3599 lasso
534 3533 572 3597 de
594 3537 725 3618 pectore
746 3534 857 3598 vultur

964 3027 972 3087 3
