2438 3832
265 143 320 213 (V.)
339 141 378 196 IN
397 141 567 198 RVFINVM
585 143 694 198 LIBER
713 142 911 198 SECVNDVS.
1049 144 1092 208 29

77 301 158 390 Vos,
181 326 311 368 arsurae
333 306 430 371 urbes
452 305 659 390 perituraque
682 305 817 391 moenia,
840 310 955 370 testor:
1041 323 1093 372 alo

79 390 166 457 Cedo
190 393 337 477 equidem
360 397 393 458 et
414 395 567 459 miserum
588 395 742 478 permitto
766 394 894 459 casibus
918 395 1036 460 orbem.

77 479 216 546 Flectite
238 481 341 569 signa,
364 482 467 548 duces.
513 483 635 547 Redeat
657 484 722 547 iam
744 483 838 548 miles
859 483 959 548 Eous,

77 570 260 634 Parendum
284 575 341 636 est.
387 570 528 637 Taceant
549 571 632 636 litui.
677 571 851 638 Prohibete
875 573 1021 658 sagittas.

78 659 207 723 Parcite
231 659 384 746 contiguo
408 699 450 707 —
474 660 612 724 Rufinus
635 660 805 744 praecipit!
831 698 872 708 -—
895 661 1004 725 hosti’

145 747 207 811 His
231 747 325 812 dictis
349 770 459 813 omnes
481 771 546 814 una
568 749 725 813 fremuere
748 749 884 833 manipli
1041 768 1094 817 aaa

80 836 244 913 Quantum
265 859 333 901 non
355 835 439 901 Italo
462 859 614 921 percussa
638 837 795 902 Ceraunia
817 839 928 924 fluctu,

80 925 244 1002 Quantum
266 947 333 989 non
354 925 491 990 madidis
514 926 593 991 elisa
616 927 761 991 tonitrua
785 925 908 1011 Cauris,

79 1013 272 1097 Secernique
294 1019 415 1101 negant
437 1019 611 1099 ereptaque
633 1015 756 1100 proelia
777 1019 925 1100 poscunt,

78 1100 307 1188 Insignemque
331 1103 443 1168 ducem
465 1104 606 1189 populus
630 1104 772 1169 defendit
793 1107 929 1186 uterque

77 1190 124 1255 Et
148 1191 210 1255 sibi
233 1191 370 1275 quisque
392 1191 502 1257 trahit.
547 1193 668 1279 Magno
691 1195 834 1257 certatur
856 1214 973 1277 amore,
1041 1210 1092 1258 225

77 1278 312 1363 Alternamque
334 1281 429 1346 fidem
451 1303 519 1346 non
540 1281 705 1346 inlaudata
728 1280 858 1345 lacessit

79 1367 202 1433 Seditio
225 1369 349 1452 talique
371 1370 469 1434 simul
492 1371 631 1435 clamore
654 1373 848 1454 querrmtnr:

147 1455 238 1533 ‘Quis
260 1457 342 1522 mihi
363 1458 503 1523 nudatos
526 1481 628 1544 enses,
651 1458 724 1542 quis
747 1458 813 1523 tela
835 1456 964 1522 lacertis

76 1545 214 1611 Excutit
237 1549 270 1609 et
293 1547 375 1612 solvi
398 1551 549 1612 curvatos
571 1547 709 1632 imperat
732 1544 849 1610 arcus?

79 1633 235 1710 Quisnam
258 1635 354 1700 audet
378 1636 492 1701 stn'cto
514 1636 603 1723 leges
625 1636 790 1720 imponere
812 1635 921 1699 ferro?
1040 1653 1093 1701 230

77 1721 283 1787 Inflammata
306 1725 405 1789 semel
426 1725 530 1789 nescit
552 1725 720 1789 mitescere
742 1724 854 1788 virtus.

76 1810 147 1876 Iam
169 1811 251 1875 mihi
273 1811 461 1879 barbaricos
484 1813 628 1878 sitientia
650 1813 718 1897 pila
741 1833 871 1876 cruores

78 1898 202 1985 Sponte
224 1901 336 1966 volant
357 1903 509 1986 ultroque
531 1924 646 1967 manus
668 1922 821 1966 mucrone
843 1899 964 1965 furenti

76 1988 217 2052 Ducitur
240 1993 272 2053 et
295 1990 415 2054 siccum
437 1990 582 2077 gladium
604 1990 722 2077 vagina
744 1993 879 2053 recusat.

75 2076 154 2142 Non
176 2079 290 2162 patiar.
337 2077 509 2163 Semperne
533 2078 624 2145 Getis
648 2077 806 2142 discordia
828 2081 941 2141 nostra
1040 2093 1092 2141 aaa

76 2165 248 2231 Proderit?
292 2167 346 2231 En
366 2167 485 2231 iterum
508 2168 586 2232 belli
609 2167 713 2232 civilis
735 2167 857 2251 imago!

77 2252 163 2330 Quid
187 2255 440 2342 consanguineas
464 2256 557 2342 acies,
581 2256 658 2339 quid
680 2255 796 2319 dividis
820 2253 897 2318 olim

78 2341 261 2408 Concordes
284 2343 431 2426 aquilas?
466 2343 544 2409 Non
567 2343 770 2409 dissociabile
794 2364 910 2426 corpus

78 2430 358 2517 Coniunctumque
381 2454 500 2497 sumus.
546 2432 591 2497 Te
615 2456 678 2517 qua
701 2433 781 2496 libet
804 2431 851 2496 ire
874 2453 1053 2514 sequemur.

76 2519 122 2584 Te
145 2521 198 2585 vel
219 2520 430 2605 Hyperboreo
455 2521 639 2587 damnatam
662 2521 764 2585 sidere
787 2520 922 2604 Thylen,
1040 2537 1092 2586 240

75 2607 121 2671 Te
145 2608 198 2672 vel
221 2609 261 2673 ad
283 2607 429 2674 incensas
451 2610 574 2695 Libyae
598 2610 777 2675 comitabor
799 2609 944 2673 harenas.

75 2695 231 2764 Indorum
254 2698 282 2762 si
305 2703 421 2785 stagna
443 2703 535 2782 petas
557 2699 725 2782 Rubrique
748 2719 892 2762 recessus

74 2785 207 2872 Litoris,
231 2787 405 2851 auriferum
426 2788 553 2852 veniam
575 2792 712 2872 poturus
735 2786 923 2871 Hydaspem

76 2873 111 2938 Si
136 2874 258 2940 calcare
280 2875 405 2941 Notum
428 2880 615 2960 secretaque
636 2898 768 2941 noscere
790 2874 860 2940 Nili

74 2961 248 3027 Nascentis
270 2964 392 3050 iubeas,
413 2965 569 3029 mundum
591 2969 666 3050 post
689 2968 782 3050 terga
804 2962 997 3047 relinquam3
1038 2977 1092 3028 245

73 3051 120 3116 Et
143 3073 346 3137 quocumque
368 3053 440 3118 loco
465 3052 601 3118 Stilicho
624 3053 765 3118 tentoria
787 3053 877 3137 figat,

74 3139 164 3205 Haec
186 3141 293 3224 patria
315 3143 385 3206 est’

403 3230 480 3295 Dux
502 3230 576 3295 inde
599 3235 700 3295 vetat:
724 3228 902 3311 ‘Desistite
925 3247 1054 3312 quaeso,

73 3317 185 3402 Atque
208 3318 333 3384 avidam
357 3318 482 3384 differte
504 3342 643 3385 manum.
691 3318 792 3383 Cedat
815 3318 877 3382 iste
900 3314 1035 3379 minacis

73 3405 219 3472 Invidiae
242 3408 397 3473 cumulus.
442 3401 519 3474 Non
542 3412 591 3472 est
614 3408 750 3472 victoria
772 3407 866 3492 tanti,

72 3495 120 3560 Vt
142 3495 253 3560 videar
274 3496 390 3562 vicisse
412 3496 501 3561 mihi.
546 3497 615 3562 Vos
637 3496 702 3560 fida
725 3497 876 3563 iuventus
1038 3507 1090 3554 aso
