2438 3832
383 723 577 796 CLAVDII
605 724 870 797 CLAVDIANI

317 865 379 937 DE
407 865 569 938 RAPTV
597 866 941 940 Paosnapinln.

510 1043 746 1107 PRAEFATIO.

554 1179 693 1250 (xxxii.)
812 1225 814 1231 ,

118 1287 253 1353 Inventa
277 1288 380 1351 secuit
402 1287 527 1371 primus
552 1288 607 1371 qui
629 1310 710 1352 nave
733 1288 930 1372 profundum

162 1377 207 1442 Et
230 1376 365 1440 rudibus
388 1375 485 1440 remis
510 1376 701 1441 sollicitavit
725 1399 839 1461 aquas,

119 1465 181 1542 Qui
205 1465 311 1529 dubiis
335 1486 432 1527 ausus
456 1465 657 1530 committere
679 1465 812 1529 flatibus
836 1465 946 1529 alnum

164 1554 249 1631 Quas
272 1556 389 1617 natura
411 1557 509 1640 negat
532 1554 682 1638 praebuit
705 1554 879 1618 arterias:

43 1680 46 1684 ·
103 1642 317 1726 'Tranquillis
340 1641 481 1726 primum
504 1643 650 1726 trepidus
674 1665 708 1706 se
732 1642 866 1706 credidit
889 1641 984 1705 undis
1117 1659 1133 1706 5

162 1731 276 1796 Litora
299 1753 412 1796 securo
435 1731 566 1796 tramite
590 1754 714 1795 summa
737 1733 861 1818 legens3

119 1820 196 1884 Mox
218 1821 335 1906 longos
359 1823 517 1903 temptare
542 1820 631 1884 sinus
655 1825 687 1884 et
710 1820 855 1904 linquere
878 1824 982 1884 terras

163 1908 208 1972 Et
230 1909 296 1973 leni
319 1908 425 1992 coepit
447 1908 587 1993 pandere
609 1909 680 1973 vela
702 1908 801 1974 Noto.

119 1996 182 2061 Ast
205 1998 261 2062 ubi
283 1998 441 2081 paulatim
464 2019 616 2081 praeceps
639 1997 771 2061 audacia
795 1997 895 2062 crevit

107 2103 110 2108 ’
167 2084 334 2171 Cordaque
358 2087 565 2172 languentem
589 2085 767 2150 dedidicere
789 2090 924 2170 metum,
1104 2102 1136 2150 ro

120 2173 190 2238 Iam
212 2197 314 2262 vagus
336 2175 494 2258 inrumpit
516 2174 652 2261 pelagus
676 2174 862 2257 caelumque
886 2178 1015 2238 secutus

165 2263 310 2351 Aegaeas
333 2263 454 2327 hiemes
477 2261 668 2347 Ioniumque
692 2263 809 2327 domat.

478 2481 600 2539 LIBER
623 2481 781 2540 PRIMVS.

556 2613 702 2685 (xxxin.)

165 2723 288 2789 Inferni
310 2724 452 2808 raptoris
476 2745 576 2807 equos
600 2723 781 2808 adflataque
805 2745 900 2788 curru

123 2813 233 2879 Sidera
256 2812 414 2877 Taenario
438 2812 678 2899 caligantesque
700 2812 879 2896 profundae

122 2901 257 2967 lunonis
281 2901 443 2966 thalamos
467 2901 579 2966 audaci
602 2922 749 2985 promere
773 2904 882 2965 cantu¹

121 2991 213 3056 Mens
238 2994 392 3077 congesta
414 2990 513 3055 iubet.
552 2988 689 3054 Gressus
712 2994 874 3054 removete
897 2989 1035 3074 profani.

121 3079 191 3144 lam
214 3081 306 3144 furor
328 3079 487 3143 humanos
510 3083 623 3143 nostro
648 3078 686 3142 de
708 3083 838 3163 pectore
862 3100 975 3143 sensus
1122 3096 1140 3142 5

120 3169 258 3254 Expulit
281 3174 314 3234 et
336 3171 443 3232 totum
467 3168 590 3252 spirant
613 3167 800 3251 praecordia
822 3167 1004 3252 Phoebum3

122 3257 192 3322 lam
214 3258 295 3322 mihi
320 3260 494 3322 cernuntur
517 3256 652 3341 trepidis
677 3256 810 3321 delubra
832 3257 955 3321 moveri

113 3346 259 3410 Sedibus
282 3351 315 3412 et
339 3345 458 3411 claram
482 3345 665 3432 dispergere
687 3344 801 3409 limina
823 3346 929 3410 lucem

93 3431 294 3503 Adventum
320 3440 448 3504 testata
471 3436 539 3527 dei3
560 3434 629 3502 iam
649 3457 789 3524 magnus
809 3435 850 3498 ab
873 3434 948 3498 imis
