2438 3832
99 173 218 245 (XVH.)
237 171 319 229 PAN.
339 173 467 230 DICTVS
486 175 628 230 MANLIO
647 175 846 232 THEODORO
866 176 1028 236 CONSVLI.
1056 179 1119 244 139

97 335 230 402 Intonet
254 337 373 401 erranti
397 338 499 424 digito
522 339 717 423 penitusque
740 341 859 406 trabali

95 425 199 490 Vecte
222 424 409 491 laborantes
434 427 469 490 in
491 428 635 492 carmina
659 429 799 495 concitet
822 429 934 514 undas,

95 514 161 579 Vel
184 514 241 597 qui
264 536 352 579 more
376 515 485 579 avium
508 538 577 580 sese
600 517 782 583 iaculentur
803 519 839 582 in
862 540 957 582 auras
1063 536 1115 584 320

99 603 307 687 Corporaque
330 604 498 669 aedificent
522 605 617 669 celeri
641 606 816 671 crescentia
838 629 933 692 nexu,

99 692 243 768 Quorum
267 694 478 776 compositam
501 717 581 777 puer
604 700 786 760 amentatus
809 696 844 759 in
867 717 972 760 arcem

97 780 225 845 Emicet
249 785 281 844 et
303 782 415 846 vinctu
436 783 568 866 plantae
590 783 643 848 vel
666 785 813 849 crinibus
835 785 971 849 haerens

96 869 243 935 Pendula
265 869 384 935 librato
409 872 490 957 figat
512 873 649 958 vestigia
673 874 768 938 saltu.

98 957 221 1022 Mobile
243 959 440 1042 ponderibus
464 960 635 1025 descendat
657 984 773 1049 pegma
796 961 937 1026 reductis
1063 978 1116 1028 325

98 1045 201 1130 Inque
225 1046 315 1111 chori
339 1049 476 1132 speciem
501 1053 689 1135 spargentes
713 1050 812 1114 ardua
834 1051 981 1115 flammas

98 1134 221 1201 Scaena
244 1140 329 1200 rotet
352 1138 461 1202 uarios
485 1141 517 1202 et
540 1139 643 1224 fingat
666 1138 826 1203 Mulciber
849 1139 937 1203 orbis

98 1225 161 1289 Per
183 1225 312 1289 tabulas
335 1225 465 1310 impune
488 1248 590 1312 vagus
613 1227 782 1310 pictaeque
806 1228 905 1291 citato

96 1313 226 1378 Ludant
249 1314 324 1400 igne
347 1315 457 1379 trabes
482 1320 514 1380 et
536 1336 604 1379 non
625 1315 783 1399 permissa
806 1316 927 1381 morari

97 1401 178 1466 Fida
200 1425 258 1486 per
281 1403 436 1468 innocuas
459 1408 566 1469 errent
588 1404 737 1468 incendia
759 1408 874 1470 turres.
1063 1422 1116 1471 330

96 1491 225 1556 Lascivi
249 1492 357 1556 subito
381 1493 559 1579 confligant
581 1515 720 1577 aequore
743 1493 843 1559 lembi

98 1579 285 1666 Stagnaque
309 1582 485 1668 remigibus
509 1586 659 1665 spument
681 1583 816 1647 inmissa
840 1583 974 1647 canoris

167 1669 305 1734 ‘Consul
327 1692 385 1754 per
407 1671 546 1755 populos
569 1671 717 1755 idemque
740 1671 952 1758 gravissimus
975 1676 1089 1738 auctor

98 1757 241 1843 Eloquii‚
265 1758 384 1843 duplici
407 1760 475 1824 vita
498 1760 656 1824 subnixus
678 1761 713 1823 in
736 1781 850 1825 aevum

97 1847 256 1912 Procedat
278 1848 400 1931 pariter
422 1848 515 1913 libris
538 1848 697 1932 fastisque
719 1848 883 1935 legendus.
1063 1866 1116 1916 335

98 1934 247 2020 Accipiat
269 1938 373 2020 patris
396 1938 578 2021 exemplum
600 1938 787 2021 tribuatque
809 1938 919 2021 nepot‘

97 2024 202 2088 Filius
226 2029 257 2089 et
281 2026 404 2110 coeptis
426 2048 466 2091 ne
490 2026 573 2090 desit
596 2025 739 2090 fascibus
762 2026 863 2090 heres.

98 2113 257 2179 Decurrat
280 2116 427 2179 trabeata
451 2116 564 2180 domus
587 2115 758 2198 tradatque
782 2136 909 2179 secures

97 2201 214 2267 Mutua
236 2204 410 2286 posteritas
434 2208 625 2287 servatoque
649 2203 760 2268 ordine
783 2203 843 2268 fati

97 2290 221 2356 Manlia
244 2293 398 2358 continuo
420 2297 607 2358 numeretur
630 2292 762 2358 consule
784 2290 919 2376 proles'.
1064 2307 1117 2357 340
