2438 3832
99 156 163 220 192
426 158 574 213 omvuu
592 160 793 215 cmvuram

95 319 256 404 Principis
279 326 310 384 55
334 320 413 384 soh's
435 321 534 386 radiis
556 323 682 386 detersa
704 324 842 387 removit

39 491 41 496 k
95 407 233 492 Nubila3
253 431 393 492 namque
415 411 488 473 ideo
510 411 630 494 pluviis
652 412 841 476 turbaverat
864 435 977 478 omnes
1064 431 1118 480 540

96 495 184 562 Ante
207 499 275 563 dies
296 499 471 582 lunamque
493 500 605 564 rudem
627 501 840 565 madefecerat
863 500 995 586 Auster,

96 585 143 650 Vt
166 589 229 652 tibi
251 592 415 651 serratum
437 589 556 652 scireut
579 611 721 653 convexa
743 612 901 655 serenum

165 674 268 741 Omne
289 676 440 740 Palatino
463 678 550 760 quod
571 700 654 761 pons
677 700 696 741 a
720 679 804 743 colle
825 679 945 743 recedit

96 763 240 829 Mulvius
263 770 295 830 et
319 771 476 848 quantum
499 767 591 830 licuit
615 789 809 854 consurgere
831 769 936 853 tectis

96 852 169 918 Vna
192 856 295 939 replet
319 855 435 918 tmbae
456 855 569 918 facies:
591 856 713 920 undare
735 857 859 921 videres
1063 875 1116 924 545

96 940 165 1007 Ima
189 946 284 1027 viris,
306 943 391 1005 altas
414 943 567 1030 effulgere
589 945 749 1008 matribus
774 945 877 1008 aedes.

96 1031 256 1097 1155155555
278 1033 410 1096 iuvenes
432 1034 585 1116 aequaevi
608 1035 763 1117 principis
786 1035 896 1117 annisJ

96 1120 258 1186 Γ1555555555
282 1122 387 1205 prisca
410 1143 502 1185 senes
525 1126 558 1185 et
580 1123 615 1186 in
637 1122 723 1186 hunc
747 1123 810 1185 sibi
832 1144 987 1206 prospera
1010 1122 1073 1188 fati

98 1209 276 1276 Gratantur
298 1210 430 1274 diuasse
452 1211 537 1274 diem
559 1212 787 1294 moderataque
809 1211 943 1274 laudant

96 1298 269 1385 Tempora,
292 1299 379 1382 quod
401 1299 541 1363 clemens
563 1300 668 1383 aditu,
691 1299 777 1382 quod
794 1304 925 1383 pectore
944 1301 1035 1364 solus
1064 1317 1116 1367 550

98 1388 261 1453 1505555505
284 1388 388 1451 vetuit
410 1410 539 1451 currum
561 1387 749 1471 praecedere
770 1393 893 1471 patres:

99 1477 180 1542 omn
203 1483 312 1542 tamen
333 1475 529 1561 Eucherius,
553 1478 604 1540 cui
627 1477 736 1562 regius
757 1478 900 1560 undique
923 1479 1068 1564 sanguis,

42 1608 49 1621 ·
98 1565 206 1651 Atque
228 1566 378 1653 Augusta
402 1588 495 1629 soror
516 1565 611 1628 fratd
632 1565 800 1648 praeberet
824 1566 936 1629 oranti

98 1656 214 1721 Militis
238 1655 441 1738 obsequium3
464 1655 510 1717 sic
532 1654 627 1717 illum
649 1654 728 1717 dura
751 1654 895 1737 parentis

99 1743 246 1811 Instituit
269 1744 373 1828 pietus
395 1744 430 1807 in
452 1764 487 1806 se
509 1743 562 1806 551
582 1743 719 1828 pignora
742 1743 832 1825 parci
1062 1760 1115 1809 555

98 1835 224 1921 Quique
249 1837 343 1919 neget
366 1837 458 1915 nato,
480 1853 649 1915 procerum
673 1831 760 1914 quod
781 1835 925 1914 praestat
947 1831 1075 1897 honori.

100 1924 185 1989 11555·
208 1923 272 1987 sibi
295 1944 391 1986 55555
414 1942 527 1985 senum
549 1924 740 2002 maturaque
763 1919 953 2002 comprobat
976 1925 1066 1985 aetas

100 2013 198 2097 151555
220 2012 305 2076 inter
327 2010 446 2074 ueteris
469 2009 607 2092 speciem
629 2009 808 2092 praesentis
831 2013 863 2071 et
887 2007 980 2073 aulae

99 2101 235 2167 Iudicat:
259 2099 344 2164 hunc
367 2099 483 2182 civem,
505 2098 653 2161 dominos
674 2097 800 2160 venisse
823 2097 956 2179 priores.

165 2189 364 2275 Corrspicuus
386 2192 456 2252 tum
479 2186 559 2249 flore
581 2207 694 2272 genas,
718 2185 896 2249 diademate
916 2186 1039 2252 crinem
1062 2203 1116 2253 560

98 2280 305 2363 Membraque
328 2280 491 2364 gemmato
514 2275 644 2338 trabeae
665 2273 838 2338 viridantia
862 2273 970 2340 cinttn

99 2370 141 2436 ut
166 2371 267 2435 555555
291 2386 417 2431 umeros
441 2368 472 2427 et
497 2366 657 2426 certatura
679 2361 788 2446 Lyaeo

98 2457 186 2524 15555
209 2454 405 2540 Erythraeas
428 2451 594 2538 surgentia
617 2451 700 2515 colla
723 2451 911 2536 smaragdos

99 2546 209 2613 15115555
233 2545 302 2609 uiuo
326 2544 389 2606 tiue
410 2562 527 2623 uiuus3
548 2541 725 2626 ignaraque
747 2541 850 2626 virgo,

98 2637 158 2704 5151
182 2632 318 2719 attriplex
342 2630 423 2695 55155
448 2651 502 2694 055
524 2628 637 2713 pudor,
662 2651 719 2712 per
742 2629 871 2715 singula
895 2648 1027 2691 cernens
1062 2644 1115 2694 505

98 2724 266 2794 Nutricem
290 2719 453 2787 5555551555
476 2741 586 2782 enum:
606 2717 683 2800 quid
705 2718 770 2780 fixa
794 2717 969 2781 draconum

97 2819 160 2883 5155
185 2812 308 2880 aditu?
331 2808 436 2874 ventis
459 2807 585 2872 fluitent
609 2828 650 2869 an
672 2828 747 2870 vera
770 2806 934 2868 minentur

98 2904 200 2973 sibila
225 2920 416 2986 arrupousuru
441 2895 563 2980 ruptrui
586 2894 734 2959 faucibus
757 2893 907 2956 hostem?

101 2994 142 3063 t't
167 2990 304 3060 51551515
328 2986 457 3053 5515505
481 2983 605 3068 aequites
628 2988 660 3047 et
683 2983 718 3047 in
741 3003 812 3046 acre
835 2982 974 3045 latentes

99 3084 187 3153 vidit
212 3060 411 3165 5155ιί551555
435 3075 591 3159 ‘quanam
614 3071 652 3135 de
674 3071 783 3158 gente’
805 3070 943 3157 rogabat
1062 3089 1115 3138 570

98 3172 233 3244 ’1155551
260 3188 371 3233 555555
395 3162 481 3228 uiri?
511 3182 593 3246 5555
615 3166 700 3225 terra
722 3158 855 3223 metallo

100 3263 275 3335 Nueeuutru
300 3255 452 3322 iut'ouuut
476 3249 599 3335 5555051
630 3272 707 3314 num
729 3247 883 3311 Lemnius
907 3251 1020 3312 auctor

101 3352 216 3425 55515115
242 3344 403 3415 1515515555
428 3343 512 3407 tium
535 3338 768 3419 simulacraque
791 3336 870 3400 belli

39 3568 47 3658 p
155 3552 212 3609 tor
232 3540 337 3619 55555]
356 3538 580 3609 1555555555
