2438 3832
241 135 322 207 (1111.)
341 135 380 190 11
399 135 960 196 1111511111111115151111111.
1069 140 1116 205 85

97 300 228 384 Eripuit
253 297 419 383 Gallisque
443 299 551 364 dedit?
596 301 735 365 Rufinus
759 302 850 388 origo

97 389 205 453 Prima
228 389 318 453 mali:
342 389 487 475 geminas
510 390 595 453 inter
618 389 776 455 discordia
799 395 907 475 partes
1060 408 1114 458 545

97 478 169 542 Hoc
192 483 323 543 auctore
346 478 417 542 fuit.
464 476 526 542 Sed
548 479 613 542 iam
635 479 758 543 maiora
780 481 920 544 movent‘

97 567 244 633 Occurrit
267 568 354 631 iusta
376 567 502 631 rediens
526 568 684 632 exercitus
707 569 769 653 ira,

96 657 204 722 Fortis
229 657 332 721 adhuc
355 656 496 740 ferrique
518 678 648 720 memor.
694 657 806 721 Brevis
829 658 903 721 inde
926 659 1045 722 reluxit

96 746 255 830 Falsaque
278 746 426 829 libertas3
449 767 577 810 rursum
601 745 790 810 Stilichonis
813 746 948 812 habenis

97 835 272 919 Sperabam
295 857 346 899 me
368 856 464 918 posse
487 834 564 920 regi.
608 833 673 898 Pro
698 857 790 899 caeca
813 836 916 900 flaturi
1059 852 1112 902 545

99 924 234 988 Gaudia!
280 924 436 988 Fraterno
461 923 612 1009 coniungi
637 929 784 1009 coeperat
808 925 896 988 orbis

97 1012 235 1097 Imperio
260 1012 347 1100 (quis
371 1013 456 1076 enim
479 1016 571 1076 tanto
594 1017 717 1077 terrore
739 1013 877 1077 recentis

97 1102 247 1186 Exempli
270 1103 403 1186 paribus
427 1123 496 1165 sese
520 1102 736 1166 committeret
759 1102 846 1166 ausis
854 1100 899 1188 l),

99 1191 180 1255 Cum
203 1192 312 1256 subito
337 1188 535 1278 (monstrosa
558 1190 638 1254 mihi
661 1191 830 1275 turpisque
853 1191 957 1255 relatu

96 1279 236 1367 Fabula)
260 1281 371 1345 Rufini
394 1283 555 1344 castratus
577 1280 706 1363 prosilit
729 1280 838 1365 heres,
1062 1296 1113 1347 550

98 1369 143 1433 Ε5
167 1370 288 1434 similes
310 1370 429 1434 iterum
451 1369 559 1432 luctus
581 1367 726 1433 Fortuna
749 1368 890 1454 reduxit,

97 1457 144 1521 Vt
168 1460 273 1523 solum
297 1458 418 1522 domini
442 1480 553 1521 sexum
576 1461 719 1522 mutasse
741 1458 873 1522 viderer.

166 1548 240 1612 ‘Hie
263 1548 403 1631 primum
426 1547 561 1610 thalami
586 1547 736 1610 claustris
760 1546 876 1610 delicta
898 1547 1030 1632 tegebat

100 1637 190 1702 Clam
212 1637 387 1718 timideque
410 1635 539 1718 iubens3
563 1639 631 1698 erat
654 1635 812 1700 invidiosa
835 1639 994 1720 potestas,

99 1726 161 1791 Sed
184 1730 293 1789 tamen
316 1725 467 1809 eunuchi,
489 1724 625 1788 necdum
649 1725 711 1788 sibi
734 1724 864 1809 publica
886 1724 958 1787 iura
1062 1739 1114 1789 555

100 1815 230 1881 Sumere
253 1836 312 1878 nec
334 1818 421 1877 totas
445 1813 583 1877 audebat
606 1818 730 1878 vertere
753 1814 849 1900 leges.

99 1904 144 1968 At
161 1907 341 1987 'postquam
363 1903 530 1986 pulsisque
553 1903 648 1966 bonis
672 1907 703 1966 55
727 1903 814 1966 faece
838 1905 963 1966 retenta

98 1993 228 2056 Peiores
252 1992 332 2077 legit
356 1992 461 2055 socios
485 1990 665 2077 dignusque
689 1990 819 2056 satelles

100 2081 186 2145 Hinc
208 2081 331 2144 Hosius
356 2081 460 2165 stetit,
483 2079 557 2144 inde
579 2080 659 2166 Leo,
682 2080 799 2144 fiducia
823 2080 923 2144 515115

99 2170 332 2256 Regnandique
355 2169 462 2252 palam
485 2169 635 2254 flagravit
659 2172 769 2252 aperta
792 2168 902 2233 libido.
1063 2183 1116 2233 550

98 2258 272 2344 Patricius,
296 2259 409 2322 consul
432 2257 572 2322 maculat
597 2279 678 2340 quos
701 2258 811 2322 vendit
833 2258 986 2341 honores,

97 2347 177 2412 Plus
200 2348 341 2411 maculat
365 2369 446 2430 quos
468 2347 538 2430 ipse
561 2346 653 2433 gerit.
699 2345 768 2411 Iam
792 2347 884 2433 signa
909 2346 1070 2428 tubaeque

100 2435 310 2521 Mollescunt,
333 2437 422 2519 ipsos
444 2436 574 2522 ignavia
596 2436 691 2500 fluxit
713 2437 748 2500 in
771 2458 871 2501 enses.

100 2525 260 2589 Exultant
282 2525 397 2588 merito
422 2529 535 2610 gentes
558 2524 727 2608 facilisque
749 2524 871 2589 volenti

98 2613 221 2678 Praeda
245 2635 364 2677 sumus.
410 2611 479 2677 Iam
501 2613 659 2678 Bistoniis
681 2614 869 2697 Haemoque
891 2613 991 2678 nivali
1064 2627 1118 2678 555

100 2702 234 2766 Vastior
257 2702 399 2786 expulsis
423 2701 537 2766 Oriens
561 2703 735 2786 squalescit
758 2703 883 2767 aratris.

99 2791 142 2855 Ei
165 2791 258 2876 mihi,
282 2813 362 2874 quas
385 2791 482 2854 urbes
506 2795 538 2855 et
562 2795 684 2875 quanto
707 2796 851 2876 tempore
874 2789 989 2854 Martis

101 2877 236 2966 Ignaras
259 2902 324 2943 uno
348 2884 524 2963 rapuerunt
546 2881 669 2964 proelia
692 2884 800 2945 cursu!

100 2968 214 3052 Nuper
237 2969 277 3032 ab
303 2972 445 3032 extremo
468 2969 599 3033 veniens
623 2970 787 3053 equitatus
810 2967 917 3032 Araxe

100 3057 228 3120 Terruit
251 3056 406 3121 Antiochi
429 3079 555 3142 muros,
577 3059 747 3141 ipsumque
771 3056 903 3121 decorae
1065 3072 1116 3122 510

99 3145 205 3209 Ρ5515
229 3150 325 3229 caput
349 3145 460 3231 Syriae
483 3147 621 3210 flammis
644 3146 819 3210 hostilibus
844 3146 931 3209 arsit.

100 3233 210 3318 thue
233 3235 342 3321 gravis
367 3236 479 3318 spoliis
502 3234 658 3318 nulloque
682 3235 832 3299 obstante
854 3232 1015 3317 profunda

100 3323 220 3388 Laetus
245 3323 338 3387 caede
362 3324 458 3409 redit,
481 3324 628 3406 sequitur
649 3344 802 3387 mucrone
826 3322 965 3386 secundo

102 3411 299 3477 Continuam
322 3413 454 3495 vulnus3
476 3433 535 3476 neo
557 3413 622 3476 iam
644 3411 723 3475 mihi
748 3411 909 3475 Caucasus
932 3411 1044 3475 hostes

100 3500 169 3566 Nec
192 3502 295 3566 mittit
319 3500 444 3587 gelidus
466 3500 597 3589 Phasis3
618 3504 800 3566 naseuntur
822 3501 865 3566 in
881 3501 963 3584 'ipso
1084 3509 1148 3555 ‘stt‘
