2438 3832
105 187 226 258 (xxm.)
247 186 295 239 DE
310 186 410 242 CONS.
428 184 576 241 STILIOH.
591 184 702 239 afflata
716 185 880 241 TERTIVS.
896 185 1024 241 Panas.
1056 184 1120 248 165

104 349 160 414 Illi
183 353 258 433 post
281 350 381 413 lituos
404 349 528 432 pedites
551 348 658 412 favere
682 349 808 412 canenti

149 438 371 522 Laudaritque
393 459 479 502 nova
503 436 596 502 caede
621 441 772 502 cruentus
795 459 901 520 eques.

107 527 251 611 Cumque
274 527 489 611 triumpharet
512 526 640 613 gemina
663 526 859 613 Carthagine
882 527 967 591 victa
1087 541 1120 591 15

152 617 259 704 (Hanc
281 616 398 680 vindex
420 617 507 700 patri
528 617 662 701 vicerat,
686 615 769 680 hanc
790 613 942 702 patriae),

106 708 188 772 Cum
206 706 297 792 longi
318 705 457 789 Libyam
479 706 609 769 tandem
631 711 706 790 post
729 705 843 770 fimera
865 704 942 768 belli

150 796 236 860 Ante
260 817 334 858 suas
357 798 513 859 maestam
537 798 665 881 cogeret
688 795 734 858 ire
757 798 859 859 rotas:

104 884 245 950 Advenit
268 885 400 948 reduces
424 906 532 948 secum
554 883 701 951 Victoria
723 882 835 950 Musas

150 975 194 1039 Et
218 977 340 1037 sertum
363 974 431 1037 vati
453 972 572 1037 Martia
594 973 705 1037 laurus
729 976 806 1036 erat.

104 1153 227 1218 Noster
250 1151 414 1236 Scipiades
438 1149 574 1215 Stilicho
580 1203 588 1236 ,
612 1172 677 1233 quo
701 1150 840 1214 concidit
864 1149 945 1213 alter

151 1241 316 1305 Hannibal
339 1241 474 1323 antiquo
498 1240 622 1304 saevior
644 1238 841 1324 Hannibale,

107 1331 153 1394 Te
176 1331 257 1394 mihi
280 1334 356 1413 post
379 1330 511 1412 quintos
535 1347 706 1414 annorum,
728 1327 846 1415 Roma,
869 1349 1018 1392 recursus

150 1419 302 1484 Reddidit
326 1424 357 1482 11
380 1419 466 1482 10111
489 1418 585 1482 iussit
609 1418 718 1482 adesse
743 1418 818 1483 suia.

452 1725 574 1784 11111
598 1725 777 1784 11111111.

556 1841 676 1909 (xxiv.)

107 1953 210 2029 Quem
233 1952 345 2036 populi
368 1952 499 2036 plausu,
521 1971 690 2034 procerum
714 1972 809 2034 quem
831 1972 909 2015 voce
931 1949 1078 2036 petebas,

107 2041 260 2127 Adspice,
283 2041 400 2125 Roma,
423 2041 537 2104 virum.
574 2037 644 2103 Iam
666 2044 813 2123 tempora
836 2039 944 2104 desine
967 2039 1084 2124 longae

107 2131 318 2194 Dinumerare
342 2130 412 2192 viae
435 2129 569 2211 visoque
593 2128 765 2214 adsurgere
789 2149 914 2211 semper

107 2220 256 2283 Pulvere:
278 2240 347 2282 non
369 2217 476 2281 dubiis
499 2218 585 2280 ultra
608 2217 799 2300 torquebere
822 2217 916 2281 votis.

108 2308 211 2372 Totus
235 2307 324 2370 adest
348 2306 464 2392 oculis,
488 2306 597 2369 aderat
620 2305 676 2388 qui
699 2305 862 2370 mentibus
887 2305 978 2391 olim,
1106 2320 1124 2370 o

109 2397 172 2480 Spe
195 2395 312 2481 maior,
334 2394 420 2459 fama
442 2395 564 2458 melior.
600 2393 762 2458 Venerare
786 2395 942 2479 curulem,

110 2485 197 2563 Quae
220 2484 282 2548 tibi
305 2485 448 2548 restituit
471 2483 588 2570 fasces,
612 2485 824 2568 complectere
847 2483 1006 2570 dextram,

110 2574 177 2640 sub
200 2575 277 2660 iuga
301 2596 382 2657 quae
404 2573 531 2637 Poenos
554 2574 672 2637 iterum
694 2573 842 2637 Romana
863 2573 995 2659 redegit.

108 2664 230 2746 Excipe
254 2663 496 2748 magnanimum
519 2666 645 2747 pectus,
669 2684 733 2745 quo
756 2662 848 2726 irena
870 2664 1028 2749 reguntur

107 2752 252 2838 imperii,
277 2751 367 2815 cuius
390 2751 529 2815 libratur
552 2750 700 2814 sensibus
723 2751 821 2815 orbis.
1090 2766 1122 2816 10

107 2840 152 2906 Os
177 2863 316 2926 sacrum,
340 2841 426 2924 quod
448 2841 483 2903 in
506 2862 577 2903 aere
601 2839 694 2924 colia,
716 2839 845 2903 miraris
867 2840 903 2903 in
925 2861 1017 2925 aure,

108 2930 208 2995 Cerne
231 2930 352 2993 libens:
375 2928 429 2992 hic
452 2932 501 2992 est
523 2928 603 2993 felix
625 2928 765 2992 bellator
787 2928 921 3014 ubique,

105 3019 266 3084 Defensor
287 3018 423 3103 Libyae,
445 3017 552 3081 Rheni
575 3022 708 3101 pacator
731 3021 763 3080 et
786 3015 900 3081 Histri.

139 3111 142 3117 ’
174 3107 344 3172 Ostentare
369 3129 445 3171 snos
468 3107 575 3190 prisco
599 3107 627 3170 11
649 3127 738 3170 more
761 3105 889 3169 labores

105 3197 150 3261 Et
173 3200 286 3283 gentes
311 3201 440 3281 cuperet
462 3197 562 3282 vulgo
585 3199 766 3260 monstrare
789 3194 954 3281 subactas,
1089 3212 1121 3259 15

107 3286 293 3351 Certassent
315 3290 454 3369 utroque
476 3307 570 3369 pares
593 3307 612 3348 a
635 3284 762 3348 cardine
785 3284 909 3348 laurus:

105 3375 194 3439 Haec
217 3375 472 3439 Alamannorum
496 3372 854 3459 spoliis,4Australibus
877 3372 935 3436 illa

104 3465 215 3528 Ditior
238 3464 374 3550 exuviis3
397 3464 488 3527 illinc
510 3465 648 3528 flavente
672 3460 844 3549 Sygambri

107 3553 268 3642 Caesarie,
290 3552 393 3640 nigris
416 3553 491 3620 hinc
514 3552 624 3620 Mauri
646 3551 795 3625 crinibus
812 3551 917 3616 irent.
