2438 3832
101 159 167 224 266
424 155 572 212 CLAVDII
590 155 789 211 CLAVDIANI

100 320 254 384 Diversos
278 320 396 384 ducens
419 321 558 404 animos,
581 341 662 403 quae
685 319 750 383 tale
774 323 928 403 sequatur

101 409 296 495 Coniugium
319 408 515 495 Stygiosque
538 408 617 472 velit
639 430 699 492 pro
723 409 791 473 sole
814 429 966 473 recessus.
1066 426 1118 475 120

101 497 196 562 Certa
218 498 395 581 requirenti
418 497 547 561 tandem
571 497 730 561 sententia
752 497 843 562 sedit.

166 586 338 651 Hennaeae
364 586 470 651 Cereri
491 585 601 670 proles
623 590 736 669 optata
758 586 884 650 virebat

100 674 217 761 Vnioa,
239 697 298 739 neo
321 675 437 740 tribuit
461 674 609 738 subolem
629 675 752 739 Lucina
776 674 948 739 secundam

99 761 262 847 Fessaque
284 768 360 848 post
382 765 504 849 primos
527 763 700 828 haesenmt
722 764 845 828 viscera
867 767 994 848 partus3

98 850 274 916 Infeounda
297 853 439 937 quidem,
463 853 519 916 sed
541 852 665 916 eunetis
688 853 786 916 altior
809 856 898 917 extat
1066 869 1118 918 125

100 940 261 1005 Matribus
285 945 318 1005 et
340 941 465 1006 numeri
489 941 641 1021 damnum
663 941 857 1026 Proserpina
880 945 1003 1026 pensat.

98 1029 192 1094 Hanc
210 1030 308 1116 fovet,
319 1030 410 1104 ¹hano
429 1030 587 1114 sequitur:
606 1030 743 1094 vitulam
760 1052 828 1095 non
846 1031 996 1095 blandius
1013 1030 1118 1094 ambit

99 1118 205 1183 Torva
227 1141 358 1205 parens,
381 1119 517 1203 pedibus
541 1141 623 1202 quae
644 1119 788 1183 nondum
811 1119 949 1203 proterit
972 1141 1048 1183 arva

99 1206 168 1272 Neo
190 1229 274 1271 nova
298 1209 427 1272 lunatae
451 1208 597 1273 ourvavit
619 1208 765 1294 germina
788 1208 914 1272 frontis.

98 1294 168 1359 Iam
190 1300 317 1360 matura
339 1301 412 1361 toro
436 1297 540 1380 plenis
564 1296 748 1361 adoleverat
771 1296 863 1360 annis
1064 1313 1116 1362 130

98 1383 293 1470 Virginitas,
315 1388 462 1450 tenerum
484 1386 550 1449 iam
572 1386 720 1469 pronuba
742 1386 872 1449 flamma
894 1385 1050 1468 pudorem

98 1471 263 1537 Sollicitat
285 1474 450 1556 mixtaque
473 1475 584 1538 tremit
606 1474 778 1538 formidine
801 1477 921 1538 votum.

98 1559 256 1625 Personat
279 1562 353 1625 aula
376 1562 496 1645 proois:
519 1563 642 1646 pariter
664 1585 723 1646 pro
745 1563 870 1648 virgine
894 1566 1018 1627 oertant

98 1648 186 1713 Mars
211 1648 313 1733 clipeo
336 1650 465 1736 melior,
488 1651 639 1716 Phoebus
662 1651 879 1735 praestantior
901 1673 990 1736 arou3

98 1736 187 1802 Mars
210 1738 309 1803 donat
332 1739 520 1825 Rhodopen,
543 1740 694 1804 Phoebus
717 1739 855 1826 largitur
878 1738 1031 1823 Amyclas
1066 1757 1116 1805 135

98 1826 145 1890 Et
167 1827 274 1891 Delon
298 1828 486 1912 Clariosque
508 1830 606 1915 lares3
629 1828 705 1892 hino
729 1828 854 1892 aemula
876 1827 972 1913 Iuno,

97 1914 184 1980 Hino
206 1916 313 2000 posoit
335 1917 461 1981 Latona
482 1940 608 1983 nurum.
645 1917 801 2001 Despexit
823 1921 996 2001 utrumque

98 2003 198 2068 Flava
223 2003 318 2068 Ceres
341 2008 516 2089 raptusque
540 2007 658 2071 timens
681 2003 759 2092 (heu
782 2028 875 2071 oaeoa
898 2004 1028 2092 futurit)

100 2091 309 2157 Commendat
333 2092 450 2158 Siculis
473 2095 587 2159 furtim
609 2118 667 2159 sua
690 2095 808 2181 gaudia
830 2095 926 2159 terris

100 2179 226 2265 [Infidis
248 2182 388 2246 Laribus
410 2187 521 2247 natam
544 2183 707 2248 oommisit
730 2183 890 2268 alendam,
1064 2201 1116 2249 140

99 2269 241 2335 Aethera
264 2272 405 2335 desemit
429 2270 616 2355 Siculasque
639 2272 763 2358 relegat
784 2272 820 2334 in
843 2272 929 2354 oras]

98 2356 233 2445 Ingenio
258 2361 379 2423 eonfisa
402 2360 474 2424 looi.

524 2448 689 2513 Trinacria
712 2447 874 2532 quondam

104 2534 218 2598 Italiae
241 2557 316 2619 pars
339 2536 450 2601 innota
473 2538 552 2624 fuit3
576 2538 632 2601 sed
654 2540 773 2621 pontus
795 2541 829 2600 et
852 2541 944 2601 aetus

98 2623 264 2688 Mutavere
288 2625 395 2690 situm.
433 2626 536 2711 Rupit
559 2626 699 2690 confinia
720 2624 846 2690 Nereus

97 2712 212 2777 Viotor
235 2717 268 2777 et
291 2714 452 2779 abscissos
475 2714 623 2780 interluit
646 2736 784 2797 aequore
806 2718 947 2801 montes,
1064 2731 1113 2780 115

96 2801 264 2886 Parvaque
288 2807 441 2890 cognatas
464 2804 639 2888 prohibent
662 2802 849 2867 discrimina
871 2807 983 2867 terras.

97 2889 193 2954 Nune
215 2891 306 2954 illam
329 2892 417 2957 sooia
439 2897 569 2977 ruptam
591 2893 708 2956 tellure
733 2891 900 2956 trisulcam

97 2978 260 3063 Opposuit
281 2980 407 3045 Natura
429 2983 525 3047 mari:
549 2985 645 3066 eaput
667 2980 741 3045 inde
763 2980 908 3064 Pachyni

96 3067 234 3153 Respuit
257 3067 365 3134 Ionias
387 3071 566 3154 praetentis
588 3069 724 3154 rupibus
747 3070 826 3154 iras3

97 3157 183 3222 Hine
205 3158 304 3221 latrat
328 3157 464 3223 Gaetula
486 3159 599 3224 Thetis
621 3159 838 3243 Lilybaeaque
861 3158 971 3241 pulsat
1064 3175 1117 3224 150

97 3246 235 3310 Braohia
258 3269 468 3334 consurgens3
491 3249 567 3313 hino
589 3248 757 3334 indignata
779 3247 881 3311 teneri

99 3334 252 3399 Concutit
275 3335 438 3400 obiectum
461 3338 567 3403 rabies
591 3337 756 3421 Tyrrhena
778 3335 939 3400 Pelorum.

95 3462 110 3468 -
133 3463 310 3470 ἣ...-

155 3528 347 3606 113iuneta]
365 3533 498 3606 Birtias;
516 3549 585 3604 una,
600 3547 717 3602 mam·
