<?xml version="1.0" encoding="UTF-8"?>
<!DOCTYPE html PUBLIC "-//W3C//DTD XHTML 1.0 Transitional//EN"
    "http://www.w3.org/TR/xhtml1/DTD/xhtml1-transitional.dtd">
<html xmlns="http://www.w3.org/1999/xhtml" xml:lang="en" lang="en">
 <head>
  <title>
</title>
<meta http-equiv="Content-Type" content="text/html;charset=utf-8" />
  <meta name='ocr-system' content='tesseract 3.04.00' />
  <meta name='ocr-capabilities' content='ocr_page ocr_carea ocr_par ocr_line ocrx_word'/>
</head>
<body>
  <div class='ocr_page' id='page_1' title='image "./claudiiclaudian05claugoog_0071.png"; bbox 0 0 2438 3832; ppageno 0'>
   <div class='ocr_carea' id='block_1_1' title="bbox 130 136 817 201">
    <p class='ocr_par' dir='ltr' id='par_1_1' title="bbox 130 136 817 201">
     <span class='ocr_line' id='line_1_1' title="bbox 130 136 817 201; baseline 0.001 -11"><span class='ocrx_word' id='word_1_1' title='bbox 130 137 151 201; x_wconf 77' lang='grc'>2</span> <span class='ocrx_word' id='word_1_2' title='bbox 455 136 601 191; x_wconf 84' lang='lat' dir='ltr'>CLAVDII</span> <span class='ocrx_word' id='word_1_3' title='bbox 620 137 817 193; x_wconf 75' lang='lat' dir='ltr'>CLAVDIANI</span> 
     </span>
    </p>
   </div>
   <div class='ocr_carea' id='block_1_2' title="bbox 99 300 1151 3395">
    <p class='ocr_par' dir='ltr' id='par_1_2' title="bbox 130 300 1151 566">
     <span class='ocr_line' id='line_1_2' title="bbox 131 300 1151 387; baseline 0.004 -22"><span class='ocrx_word' id='word_1_4' title='bbox 131 300 221 365; x_wconf 82' lang='lat' dir='ltr'>Tunc</span> <span class='ocrx_word' id='word_1_5' title='bbox 243 301 338 365; x_wconf 90' lang='lat' dir='ltr'>iubar</span> <span class='ocrx_word' id='word_1_6' title='bbox 360 300 492 365; x_wconf 75' lang='lat' dir='ltr'><strong>Arcturi</strong></span> <span class='ocrx_word' id='word_1_7' title='bbox 514 301 656 387; x_wconf 86' lang='lat' dir='ltr'>languet,</span> <span class='ocrx_word' id='word_1_8' title='bbox 679 305 757 365; x_wconf 90' lang='lat' dir='ltr'>tunc</span> <span class='ocrx_word' id='word_1_9' title='bbox 779 301 868 366; x_wconf 81' lang='lat' dir='ltr'>fulva</span> <span class='ocrx_word' id='word_1_10' title='bbox 890 301 1010 366; x_wconf 86' lang='lat' dir='ltr'>Leonis</span> <span class='ocrx_word' id='word_1_11' title='bbox 1110 320 1151 370; x_wconf 72' lang='lat' dir='ltr'>aa</span> 
     </span>
     <span class='ocr_line' id='line_1_3' title="bbox 130 388 1006 475; baseline 0 -21"><span class='ocrx_word' id='word_1_12' title='bbox 130 388 183 454; x_wconf 90' lang='lat' dir='ltr'>Ira</span> <span class='ocrx_word' id='word_1_13' title='bbox 206 391 300 475; x_wconf 91' lang='lat' dir='ltr'>perit,</span> <span class='ocrx_word' id='word_1_14' title='bbox 322 390 474 454; x_wconf 87' lang='lat' dir='ltr'>Plaustro</span> <span class='ocrx_word' id='word_1_15' title='bbox 498 391 563 454; x_wconf 92' lang='lat' dir='ltr'>iam</span> <span class='ocrx_word' id='word_1_16' title='bbox 586 408 658 454; x_wconf 88' lang='lat' dir='ltr'>rara</span> <span class='ocrx_word' id='word_1_17' title='bbox 681 390 865 454; x_wconf 79' lang='lat' dir='ltr'>intermicat</span> <span class='ocrx_word' id='word_1_18' title='bbox 887 388 1006 455; x_wconf 84' lang='lat' dir='ltr'>Arctos</span> 
     </span>
     <span class='ocr_line' id='line_1_4' title="bbox 130 477 855 566; baseline 0 -24"><span class='ocrx_word' id='word_1_19' title='bbox 130 477 304 566; x_wconf 81' lang='lat' dir='ltr'>Indignata</span> <span class='ocrx_word' id='word_1_20' title='bbox 326 479 404 565; x_wconf 90' lang='lat' dir='ltr'>tegi,</span> <span class='ocrx_word' id='word_1_21' title='bbox 428 479 492 543; x_wconf 91' lang='lat' dir='ltr'>iam</span> <span class='ocrx_word' id='word_1_22' title='bbox 515 478 732 565; x_wconf 82' lang='lat' dir='ltr'>caligantibus</span> <span class='ocrx_word' id='word_1_23' title='bbox 756 479 855 542; x_wconf 91' lang='lat' dir='ltr'>armis</span> 
     </span>
    </p>

    <p class='ocr_par' dir='ltr' id='par_1_3' title="bbox 130 566 877 632">
     <span class='ocr_line' id='line_1_5' title="bbox 130 566 877 632; baseline 0 0"><span class='ocrx_word' id='word_1_24' title='bbox 130 568 258 632; x_wconf 90' lang='lat' dir='ltr'>Debilis</span> <span class='ocrx_word' id='word_1_25' title='bbox 282 566 384 631; x_wconf 90' lang='lat' dir='ltr'>Orion</span> <span class='ocrx_word' id='word_1_26' title='bbox 406 567 551 631; x_wconf 87' lang='lat' dir='ltr'>dextram</span> <span class='ocrx_word' id='word_1_27' title='bbox 574 567 710 631; x_wconf 90' lang='lat' dir='ltr'>miratur</span> <span class='ocrx_word' id='word_1_28' title='bbox 733 567 877 632; x_wconf 89' lang='lat' dir='ltr'>inertem.</span> 
     </span>
    </p>

    <p class='ocr_par' dir='ltr' id='par_1_4' title="bbox 130 655 1150 919">
     <span class='ocr_line' id='line_1_6' title="bbox 199 655 1150 742; baseline 0.003 -23"><span class='ocrx_word' id='word_1_29' title='bbox 199 656 300 732; x_wconf 82' lang='lat' dir='ltr'>Quem</span> <span class='ocrx_word' id='word_1_30' title='bbox 322 656 413 740; x_wconf 90' lang='lat' dir='ltr'>prius</span> <span class='ocrx_word' id='word_1_31' title='bbox 438 656 628 742; x_wconf 85' lang='lat' dir='ltr'>adgrediar?</span> <span class='ocrx_word' id='word_1_32' title='bbox 659 655 788 719; x_wconf 82' lang='lat' dir='ltr'>Veteris</span> <span class='ocrx_word' id='word_1_33' title='bbox 813 655 886 738; x_wconf 89' lang='lat' dir='ltr'>quis</span> <span class='ocrx_word' id='word_1_34' title='bbox 904 655 990 720; x_wconf 86' lang='lat' dir='ltr'>facta</span> <span class='ocrx_word' id='word_1_35' title='bbox 1008 656 1150 722; x_wconf 84' lang='lat' dir='ltr'>Probini</span> 
     </span>
     <span class='ocr_line' id='line_1_7' title="bbox 130 742 1149 831; baseline 0.002 -21"><span class='ocrx_word' id='word_1_36' title='bbox 130 745 264 811; x_wconf 81' lang='lat' dir='ltr'>Nesciat</span> <span class='ocrx_word' id='word_1_37' title='bbox 288 749 344 808; x_wconf 89' lang='lat' dir='ltr'>aut</span> <span class='ocrx_word' id='word_1_38' title='bbox 365 744 485 808; x_wconf 88' lang='lat' dir='ltr'>nimias</span> <span class='ocrx_word' id='word_1_39' title='bbox 507 744 618 808; x_wconf 89' lang='lat' dir='ltr'>laudes</span> <span class='ocrx_word' id='word_1_40' title='bbox 641 744 770 831; x_wconf 84' lang='lat' dir='ltr'>ignoret</span> <span class='ocrx_word' id='word_1_41' title='bbox 794 742 931 827; x_wconf 84' lang='lat' dir='ltr'>Olybri?</span> <span class='ocrx_word' id='word_1_42' title='bbox 1111 764 1149 812; x_wconf 86' lang='lat'>30</span> 
     </span>
     <span class='ocr_line' id='line_1_8' title="bbox 197 832 1101 919; baseline 0.002 -22"><span class='ocrx_word' id='word_1_43' title='bbox 197 833 290 897; x_wconf 88' lang='lat' dir='ltr'>Vivit</span> <span class='ocrx_word' id='word_1_44' title='bbox 313 832 417 896; x_wconf 89' lang='lat' dir='ltr'>adbuc</span> <span class='ocrx_word' id='word_1_45' title='bbox 440 832 642 916; x_wconf 89' lang='lat' dir='ltr'>completque</span> <span class='ocrx_word' id='word_1_46' title='bbox 665 833 757 919; x_wconf 84' lang='lat' dir='ltr'>vagis</span> <span class='ocrx_word' id='word_1_47' title='bbox 781 833 984 897; x_wconf 88' lang='lat' dir='ltr'>sermonibus</span> <span class='ocrx_word' id='word_1_48' title='bbox 1007 856 1101 899; x_wconf 89' lang='lat' dir='ltr'>aures</span> 
     </span>
    </p>

    <p class='ocr_par' dir='ltr' id='par_1_5' title="bbox 133 921 1005 1006">
     <span class='ocr_line' id='line_1_9' title="bbox 133 921 1005 1006; baseline 0 -20"><span class='ocrx_word' id='word_1_49' title='bbox 133 921 245 987; x_wconf 81' lang='lat' dir='ltr'>Gloria</span> <span class='ocrx_word' id='word_1_50' title='bbox 267 921 340 984; x_wconf 87' lang='lat' dir='ltr'>fusa</span> <span class='ocrx_word' id='word_1_51' title='bbox 362 921 472 1006; x_wconf 84' lang='lat' dir='ltr'>Probi,</span> <span class='ocrx_word' id='word_1_52' title='bbox 496 943 592 1004; x_wconf 89' lang='lat' dir='ltr'>quam</span> <span class='ocrx_word' id='word_1_53' title='bbox 614 943 682 985; x_wconf 95' lang='lat' dir='ltr'>non</span> <span class='ocrx_word' id='word_1_54' title='bbox 703 926 839 985; x_wconf 87' lang='lat' dir='ltr'>ventura</span> <span class='ocrx_word' id='word_1_55' title='bbox 862 921 1005 986; x_wconf 87' lang='lat' dir='ltr'>silebunt</span> 
     </span>
    </p>

    <p class='ocr_par' dir='ltr' id='par_1_6' title="bbox 130 1009 962 1095">
     <span class='ocr_line' id='line_1_10' title="bbox 130 1009 962 1095; baseline -0.001 -20"><span class='ocrx_word' id='word_1_56' title='bbox 130 1011 249 1075; x_wconf 89' lang='lat' dir='ltr'>Lustra</span> <span class='ocrx_word' id='word_1_57' title='bbox 270 1031 330 1074; x_wconf 93' lang='lat' dir='ltr'>nec</span> <span class='ocrx_word' id='word_1_58' title='bbox 353 1009 466 1095; x_wconf 89' lang='lat' dir='ltr'>ignota</span> <span class='ocrx_word' id='word_1_59' title='bbox 489 1010 593 1094; x_wconf 88' lang='lat' dir='ltr'>rapiet</span> <span class='ocrx_word' id='word_1_60' title='bbox 617 1010 677 1073; x_wconf 89' lang='lat' dir='ltr'>sub</span> <span class='ocrx_word' id='word_1_61' title='bbox 700 1010 786 1073; x_wconf 88' lang='lat' dir='ltr'>nube</span> <span class='ocrx_word' id='word_1_62' title='bbox 809 1014 962 1074; x_wconf 84' lang='lat' dir='ltr'>vetustas.</span> 
     </span>
    </p>

    <p class='ocr_par' dir='ltr' id='par_1_7' title="bbox 130 1098 1149 1360">
     <span class='ocr_line' id='line_1_11' title="bbox 131 1098 1067 1182; baseline 0.001 -20"><span class='ocrx_word' id='word_1_63' title='bbox 131 1098 229 1162; x_wconf 92' lang='lat' dir='ltr'>Illum</span> <span class='ocrx_word' id='word_1_64' title='bbox 252 1098 338 1162; x_wconf 90' lang='lat' dir='ltr'>fama</span> <span class='ocrx_word' id='word_1_65' title='bbox 361 1098 450 1162; x_wconf 90' lang='lat' dir='ltr'>vehit</span> <span class='ocrx_word' id='word_1_66' title='bbox 473 1102 563 1162; x_wconf 88' lang='lat' dir='ltr'>trans</span> <span class='ocrx_word' id='word_1_67' title='bbox 587 1120 727 1181; x_wconf 91' lang='lat' dir='ltr'>aequora</span> <span class='ocrx_word' id='word_1_68' title='bbox 750 1102 904 1182; x_wconf 87' lang='lat' dir='ltr'>transque</span> <span class='ocrx_word' id='word_1_69' title='bbox 927 1103 1067 1163; x_wconf 87' lang='lat' dir='ltr'>remotas</span> 
     </span>
     <span class='ocr_line' id='line_1_12' title="bbox 131 1185 1149 1273; baseline 0.003 -22"><span class='ocrx_word' id='word_1_70' title='bbox 131 1186 274 1270; x_wconf 82' lang='lat' dir='ltr'>Tethyos</span> <span class='ocrx_word' id='word_1_71' title='bbox 298 1187 449 1273; x_wconf 89' lang='lat' dir='ltr'>ambages</span> <span class='ocrx_word' id='word_1_72' title='bbox 472 1185 708 1269; x_wconf 85' lang='lat' dir='ltr'>Atlanteosque</span> <span class='ocrx_word' id='word_1_73' title='bbox 731 1208 883 1251; x_wconf 87' lang='lat' dir='ltr'>recessus.</span> <span class='ocrx_word' id='word_1_74' title='bbox 1112 1206 1149 1254; x_wconf 84' lang='lat'>35</span> 
     </span>
     <span class='ocr_line' id='line_1_13' title="bbox 130 1274 895 1360; baseline -0.001 -21"><span class='ocrx_word' id='word_1_75' title='bbox 130 1274 246 1340; x_wconf 86' lang='lat' dir='ltr'>Audiit</span> <span class='ocrx_word' id='word_1_76' title='bbox 269 1278 301 1338; x_wconf 88' lang='lat' dir='ltr'>et</span> <span class='ocrx_word' id='word_1_77' title='bbox 324 1274 432 1360; x_wconf 90' lang='lat' dir='ltr'>gelido</span> <span class='ocrx_word' id='word_1_78' title='bbox 456 1275 484 1338; x_wconf 87' lang='lat' dir='ltr'>si</span> <span class='ocrx_word' id='word_1_79' title='bbox 508 1297 603 1358; x_wconf 93' lang='lat' dir='ltr'>quem</span> <span class='ocrx_word' id='word_1_80' title='bbox 626 1274 768 1339; x_wconf 90' lang='lat' dir='ltr'>Maeotia</span> <span class='ocrx_word' id='word_1_81' title='bbox 790 1275 895 1358; x_wconf 91' lang='lat' dir='ltr'>pascit</span> 
     </span>
    </p>

    <p class='ocr_par' dir='ltr' id='par_1_8' title="bbox 131 1362 1006 1536">
     <span class='ocr_line' id='line_1_14' title="bbox 133 1362 1006 1446; baseline 0 -18"><span class='ocrx_word' id='word_1_82' title='bbox 133 1363 199 1428; x_wconf 81' lang='lat' dir='ltr'>Sub</span> <span class='ocrx_word' id='word_1_83' title='bbox 223 1362 299 1427; x_wconf 85' lang='lat' dir='ltr'>Iove</span> <span class='ocrx_word' id='word_1_84' title='bbox 322 1362 374 1426; x_wconf 85' lang='lat' dir='ltr'>vel</span> <span class='ocrx_word' id='word_1_85' title='bbox 397 1363 501 1427; x_wconf 91' lang='lat' dir='ltr'>calido</span> <span class='ocrx_word' id='word_1_86' title='bbox 526 1363 554 1426; x_wconf 90' lang='lat' dir='ltr'>si</span> <span class='ocrx_word' id='word_1_87' title='bbox 578 1363 651 1446; x_wconf 90' lang='lat' dir='ltr'>quis</span> <span class='ocrx_word' id='word_1_88' title='bbox 675 1363 866 1427; x_wconf 90' lang='lat' dir='ltr'>coniunctus</span> <span class='ocrx_word' id='word_1_89' title='bbox 889 1363 925 1427; x_wconf 92' lang='lat' dir='ltr'>in</span> <span class='ocrx_word' id='word_1_90' title='bbox 947 1386 1006 1429; x_wconf 89' lang='lat' dir='ltr'>axe</span> 
     </span>
     <span class='ocr_line' id='line_1_15' title="bbox 131 1450 919 1536; baseline 0 -20"><span class='ocrx_word' id='word_1_91' title='bbox 131 1451 326 1516; x_wconf 87' lang='lat' dir='ltr'>Nascentem</span> <span class='ocrx_word' id='word_1_92' title='bbox 349 1455 391 1536; x_wconf 92' lang='lat' dir='ltr'>te,</span> <span class='ocrx_word' id='word_1_93' title='bbox 412 1450 498 1536; x_wconf 88' lang='lat' dir='ltr'>Nile,</span> <span class='ocrx_word' id='word_1_94' title='bbox 521 1450 615 1515; x_wconf 92' lang='lat' dir='ltr'>bibit.</span> <span class='ocrx_word' id='word_1_95' title='bbox 652 1450 840 1516; x_wconf 88' lang='lat' dir='ltr'>Virtutibus</span> <span class='ocrx_word' id='word_1_96' title='bbox 864 1451 919 1516; x_wconf 92' lang='lat' dir='ltr'>ille</span> 
     </span>
    </p>

    <p class='ocr_par' dir='ltr' id='par_1_9' title="bbox 131 1538 1013 1622">
     <span class='ocr_line' id='line_1_16' title="bbox 131 1538 1013 1622; baseline 0.001 -18"><span class='ocrx_word' id='word_1_97' title='bbox 131 1540 309 1604; x_wconf 86' lang='lat' dir='ltr'>Fortunam</span> <span class='ocrx_word' id='word_1_98' title='bbox 332 1538 457 1602; x_wconf 89' lang='lat' dir='ltr'>domuit</span> <span class='ocrx_word' id='word_1_99' title='bbox 478 1561 719 1622; x_wconf 86' lang='lat' dir='ltr'>numquamque</span> <span class='ocrx_word' id='word_1_100' title='bbox 741 1539 925 1605; x_wconf 84' lang='lat' dir='ltr'>levantibus</span> <span class='ocrx_word' id='word_1_101' title='bbox 948 1541 1013 1605; x_wconf 90' lang='lat' dir='ltr'>alte</span> 
     </span>
    </p>

    <p class='ocr_par' dir='ltr' id='par_1_10' title="bbox 99 1627 1149 1803">
     <span class='ocr_line' id='line_1_17' title="bbox 99 1627 1149 1712; baseline 0.003 -19"><span class='ocrx_word' id='word_1_102' title='bbox 99 1644 102 1649; x_wconf 84' lang='grc'><strong>’</strong></span> <span class='ocrx_word' id='word_1_103' title='bbox 131 1628 292 1693; x_wconf 88' lang='lat' dir='ltr'>Intumuit</span> <span class='ocrx_word' id='word_1_104' title='bbox 314 1628 424 1712; x_wconf 80' lang='lat' dir='ltr'>rebus3</span> <span class='ocrx_word' id='word_1_105' title='bbox 448 1627 504 1691; x_wconf 89' lang='lat' dir='ltr'>sed</span> <span class='ocrx_word' id='word_1_106' title='bbox 526 1650 616 1692; x_wconf 91' lang='lat' dir='ltr'>mens</span> <span class='ocrx_word' id='word_1_107' title='bbox 640 1628 826 1693; x_wconf 88' lang='lat' dir='ltr'>circumflua</span> <span class='ocrx_word' id='word_1_108' title='bbox 848 1628 928 1693; x_wconf 87' lang='lat' dir='ltr'>luxu</span> <span class='ocrx_word' id='word_1_109' title='bbox 1112 1647 1149 1696; x_wconf 83' lang='lat'>40</span> 
     </span>
     <span class='ocr_line' id='line_1_18' title="bbox 131 1716 884 1803; baseline -0.003 -21"><span class='ocrx_word' id='word_1_110' title='bbox 131 1716 276 1782; x_wconf 86' lang='lat' dir='ltr'>Noverat</span> <span class='ocrx_word' id='word_1_111' title='bbox 299 1716 458 1780; x_wconf 87' lang='lat' dir='ltr'>intactum</span> <span class='ocrx_word' id='word_1_112' title='bbox 480 1717 562 1780; x_wconf 90' lang='lat' dir='ltr'>vitio</span> <span class='ocrx_word' id='word_1_113' title='bbox 586 1738 712 1781; x_wconf 84' lang='lat' dir='ltr'>servare</span> <span class='ocrx_word' id='word_1_114' title='bbox 734 1717 884 1803; x_wconf 88' lang='lat' dir='ltr'>rigorem.</span> 
     </span>
    </p>

    <p class='ocr_par' dir='ltr' id='par_1_11' title="bbox 132 1805 945 1890">
     <span class='ocr_line' id='line_1_19' title="bbox 132 1805 945 1890; baseline -0.001 -20"><span class='ocrx_word' id='word_1_115' title='bbox 132 1806 197 1870; x_wconf 93' lang='lat' dir='ltr'>Hic</span> <span class='ocrx_word' id='word_1_116' title='bbox 218 1827 286 1869; x_wconf 94' lang='lat' dir='ltr'>non</span> <span class='ocrx_word' id='word_1_117' title='bbox 309 1805 440 1869; x_wconf 85' lang='lat' dir='ltr'>divitias</span> <span class='ocrx_word' id='word_1_118' title='bbox 462 1805 670 1890; x_wconf 87' lang='lat' dir='ltr'>nigrantibus</span> <span class='ocrx_word' id='word_1_119' title='bbox 694 1805 818 1869; x_wconf 88' lang='lat' dir='ltr'>abdidit</span> <span class='ocrx_word' id='word_1_120' title='bbox 842 1806 945 1869; x_wconf 87' lang='lat' dir='ltr'>antris</span> 
     </span>
    </p>

    <p class='ocr_par' dir='ltr' id='par_1_12' title="bbox 132 1892 1020 2048">
     <span class='ocr_line' id='line_1_20' title="bbox 132 1892 1020 1979; baseline -0.002 -19"><span class='ocrx_word' id='word_1_121' title='bbox 132 1895 202 1961; x_wconf 90' lang='lat' dir='ltr'>Nec</span> <span class='ocrx_word' id='word_1_122' title='bbox 224 1893 368 1958; x_wconf 88' lang='lat' dir='ltr'>tenebris</span> <span class='ocrx_word' id='word_1_123' title='bbox 392 1892 556 1956; x_wconf 89' lang='lat' dir='ltr'>damnavit</span> <span class='ocrx_word' id='word_1_124' title='bbox 580 1915 670 1978; x_wconf 83' lang='lat' dir='ltr'>opes3</span> <span class='ocrx_word' id='word_1_125' title='bbox 693 1894 749 1957; x_wconf 90' lang='lat' dir='ltr'>sed</span> <span class='ocrx_word' id='word_1_126' title='bbox 771 1893 894 1979; x_wconf 88' lang='lat' dir='ltr'>largior</span> <span class='ocrx_word' id='word_1_127' title='bbox 917 1894 1020 1958; x_wconf 89' lang='lat' dir='ltr'>imbre</span> 
     </span>
     <span class='ocr_line' id='line_1_21' title="bbox 134 1981 986 2048; baseline -0.001 0"><span class='ocrx_word' id='word_1_128' title='bbox 134 1983 287 2048; x_wconf 84' lang='lat' dir='ltr'>Sueverat</span> <span class='ocrx_word' id='word_1_129' title='bbox 310 1982 495 2046; x_wconf 89' lang='lat' dir='ltr'>innumeras</span> <span class='ocrx_word' id='word_1_130' title='bbox 518 1981 686 2045; x_wconf 89' lang='lat' dir='ltr'>hominum</span> <span class='ocrx_word' id='word_1_131' title='bbox 708 1982 810 2045; x_wconf 89' lang='lat' dir='ltr'>ditare</span> <span class='ocrx_word' id='word_1_132' title='bbox 834 1987 986 2047; x_wconf 84' lang='lat' dir='ltr'>catervas.</span> 
     </span>
    </p>

    <p class='ocr_par' dir='ltr' id='par_1_13' title="bbox 133 2070 1149 2332">
     <span class='ocr_line' id='line_1_22' title="bbox 134 2070 1149 2157; baseline 0.002 -22"><span class='ocrx_word' id='word_1_133' title='bbox 134 2071 260 2157; x_wconf 85' lang='lat' dir='ltr'>Quippe</span> <span class='ocrx_word' id='word_1_134' title='bbox 282 2071 371 2135; x_wconf 86' lang='lat' dir='ltr'>velut</span> <span class='ocrx_word' id='word_1_135' title='bbox 394 2070 492 2134; x_wconf 90' lang='lat' dir='ltr'>denso</span> <span class='ocrx_word' id='word_1_136' title='bbox 517 2070 679 2134; x_wconf 87' lang='lat' dir='ltr'>currentia</span> <span class='ocrx_word' id='word_1_137' title='bbox 701 2092 834 2134; x_wconf 89' lang='lat' dir='ltr'>munera</span> <span class='ocrx_word' id='word_1_138' title='bbox 855 2071 968 2135; x_wconf 87' lang='lat' dir='ltr'>nimbo</span> <span class='ocrx_word' id='word_1_139' title='bbox 1112 2089 1149 2138; x_wconf 79' lang='lat'>45</span> 
     </span>
     <span class='ocr_line' id='line_1_23' title="bbox 135 2158 979 2246; baseline -0.002 -21"><span class='ocrx_word' id='word_1_140' title='bbox 135 2161 271 2226; x_wconf 80' lang='lat' dir='ltr'>Cernere</span> <span class='ocrx_word' id='word_1_141' title='bbox 294 2182 419 2244; x_wconf 90' lang='lat' dir='ltr'>semper</span> <span class='ocrx_word' id='word_1_142' title='bbox 442 2163 519 2244; x_wconf 88' lang='lat' dir='ltr'>erat,</span> <span class='ocrx_word' id='word_1_143' title='bbox 541 2159 672 2244; x_wconf 88' lang='lat' dir='ltr'>populis</span> <span class='ocrx_word' id='word_1_144' title='bbox 694 2158 815 2223; x_wconf 89' lang='lat' dir='ltr'>undare</span> <span class='ocrx_word' id='word_1_145' title='bbox 837 2163 979 2246; x_wconf 89' lang='lat' dir='ltr'>penates,</span> 
     </span>
     <span class='ocr_line' id='line_1_24' title="bbox 133 2247 895 2332; baseline -0.003 -18"><span class='ocrx_word' id='word_1_146' title='bbox 133 2248 297 2314; x_wconf 86' lang='lat' dir='ltr'>Adsiduos</span> <span class='ocrx_word' id='word_1_147' title='bbox 320 2249 441 2312; x_wconf 92' lang='lat' dir='ltr'>intrare</span> <span class='ocrx_word' id='word_1_148' title='bbox 464 2248 587 2332; x_wconf 76' lang='lat' dir='ltr'>inopeS,</span> <span class='ocrx_word' id='word_1_149' title='bbox 609 2269 751 2311; x_wconf 90' lang='lat' dir='ltr'>remeare</span> <span class='ocrx_word' id='word_1_150' title='bbox 773 2247 895 2312; x_wconf 90' lang='lat' dir='ltr'>beatos.</span> 
     </span>
    </p>

    <p class='ocr_par' dir='ltr' id='par_1_14' title="bbox 133 2335 1009 2421">
     <span class='ocr_line' id='line_1_25' title="bbox 133 2335 1009 2421; baseline -0.002 -19"><span class='ocrx_word' id='word_1_151' title='bbox 133 2338 290 2421; x_wconf 88' lang='lat' dir='ltr'>Praeceps</span> <span class='ocrx_word' id='word_1_152' title='bbox 313 2337 371 2399; x_wconf 87' lang='lat' dir='ltr'>illa</span> <span class='ocrx_word' id='word_1_153' title='bbox 394 2357 508 2399; x_wconf 90' lang='lat' dir='ltr'>manus</span> <span class='ocrx_word' id='word_1_154' title='bbox 531 2335 648 2399; x_wconf 80' lang='lat' dir='ltr'>fluvios</span> <span class='ocrx_word' id='word_1_155' title='bbox 672 2337 844 2418; x_wconf 89' lang='lat' dir='ltr'>superabat</span> <span class='ocrx_word' id='word_1_156' title='bbox 867 2335 1009 2400; x_wconf 90' lang='lat' dir='ltr'>Hiberos</span> 
     </span>
    </p>

    <p class='ocr_par' dir='ltr' id='par_1_15' title="bbox 134 2423 952 2508">
     <span class='ocr_line' id='line_1_26' title="bbox 134 2423 952 2508; baseline -0.004 -17"><span class='ocrx_word' id='word_1_157' title='bbox 134 2425 242 2491; x_wconf 87' lang='lat' dir='ltr'>Aurea</span> <span class='ocrx_word' id='word_1_158' title='bbox 266 2425 349 2488; x_wconf 91' lang='lat' dir='ltr'>dona</span> <span class='ocrx_word' id='word_1_159' title='bbox 372 2445 514 2508; x_wconf 85' lang='lat' dir='ltr'>vomens,</span> <span class='ocrx_word' id='word_1_160' title='bbox 537 2423 566 2486; x_wconf 89' lang='lat' dir='ltr'>si</span> <span class='ocrx_word' id='word_1_161' title='bbox 590 2423 663 2506; x_wconf 90' lang='lat' dir='ltr'>quis</span> <span class='ocrx_word' id='word_1_162' title='bbox 686 2424 801 2487; x_wconf 88' lang='lat' dir='ltr'>tellure</span> <span class='ocrx_word' id='word_1_163' title='bbox 825 2424 952 2488; x_wconf 81' lang='lat' dir='ltr'>revulsa</span> 
     </span>
    </p>

    <p class='ocr_par' dir='ltr' id='par_1_16' title="bbox 134 2511 1149 2773">
     <span class='ocr_line' id='line_1_27' title="bbox 135 2511 1149 2598; baseline 0.001 -19"><span class='ocrx_word' id='word_1_164' title='bbox 135 2513 294 2579; x_wconf 84' lang='lat' dir='ltr'>Sollicitis</span> <span class='ocrx_word' id='word_1_165' title='bbox 317 2511 444 2575; x_wconf 84' lang='lat' dir='ltr'>fodiens</span> <span class='ocrx_word' id='word_1_166' title='bbox 466 2512 603 2576; x_wconf 89' lang='lat' dir='ltr'>miratur</span> <span class='ocrx_word' id='word_1_167' title='bbox 626 2511 765 2576; x_wconf 89' lang='lat' dir='ltr'>collibus</span> <span class='ocrx_word' id='word_1_168' title='bbox 789 2535 912 2598; x_wconf 84' lang='lat' dir='ltr'>aurum,</span> <span class='ocrx_word' id='word_1_169' title='bbox 1113 2532 1149 2581; x_wconf 77' lang='lat' dir='ltr'>oo</span> 
     </span>
     <span class='ocr_line' id='line_1_28' title="bbox 136 2599 1001 2686; baseline -0.002 -20"><span class='ocrx_word' id='word_1_170' title='bbox 136 2601 299 2679; x_wconf 85' lang='lat' dir='ltr'>Quantum</span> <span class='ocrx_word' id='word_1_171' title='bbox 323 2604 438 2686; x_wconf 86' lang='lat' dir='ltr'>stagna</span> <span class='ocrx_word' id='word_1_172' title='bbox 460 2599 542 2686; x_wconf 83' lang='lat' dir='ltr'>Tagi</span> <span class='ocrx_word' id='word_1_173' title='bbox 565 2600 701 2664; x_wconf 88' lang='lat' dir='ltr'>rudibus</span> <span class='ocrx_word' id='word_1_174' title='bbox 725 2600 885 2665; x_wconf 85' lang='lat' dir='ltr'>stillantia</span> <span class='ocrx_word' id='word_1_175' title='bbox 907 2601 1001 2666; x_wconf 51' lang='lat' dir='ltr'>venis&gt;</span> 
     </span>
     <span class='ocr_line' id='line_1_29' title="bbox 134 2688 885 2773; baseline -0.004 -19"><span class='ocrx_word' id='word_1_176' title='bbox 134 2691 300 2755; x_wconf 81' lang='lat' dir='ltr'>Effluxere</span> <span class='ocrx_word' id='word_1_177' title='bbox 323 2690 428 2773; x_wconf 76' lang='lat' dir='ltr'>daona,</span> <span class='ocrx_word' id='word_1_178' title='bbox 452 2692 572 2772; x_wconf 90' lang='lat' dir='ltr'>quanto</span> <span class='ocrx_word' id='word_1_179' title='bbox 595 2689 738 2772; x_wconf 91' lang='lat' dir='ltr'>pretiosa</span> <span class='ocrx_word' id='word_1_180' title='bbox 761 2688 885 2753; x_wconf 91' lang='lat' dir='ltr'>metalli</span> 
     </span>
    </p>

    <p class='ocr_par' dir='ltr' id='par_1_17' title="bbox 134 2776 949 2952">
     <span class='ocr_line' id='line_1_30' title="bbox 134 2776 949 2863; baseline -0.002 -20"><span class='ocrx_word' id='word_1_181' title='bbox 134 2779 248 2843; x_wconf 91' lang='lat' dir='ltr'>Hermi</span> <span class='ocrx_word' id='word_1_182' title='bbox 272 2778 343 2863; x_wconf 90' lang='lat' dir='ltr'>ripa</span> <span class='ocrx_word' id='word_1_183' title='bbox 365 2777 473 2862; x_wconf 88' lang='lat' dir='ltr'>micat,</span> <span class='ocrx_word' id='word_1_184' title='bbox 497 2781 634 2860; x_wconf 86' lang='lat' dir='ltr'>quantas</span> <span class='ocrx_word' id='word_1_185' title='bbox 656 2800 714 2861; x_wconf 92' lang='lat' dir='ltr'>per</span> <span class='ocrx_word' id='word_1_186' title='bbox 735 2776 839 2861; x_wconf 84' lang='lat' dir='ltr'>Lydia</span> <span class='ocrx_word' id='word_1_187' title='bbox 862 2777 949 2841; x_wconf 90' lang='lat' dir='ltr'>culta</span> 
     </span>
     <span class='ocr_line' id='line_1_31' title="bbox 134 2865 908 2952; baseline -0.003 -20"><span class='ocrx_word' id='word_1_188' title='bbox 134 2868 314 2952; x_wconf 90' lang='lat' dir='ltr'>Despumat</span> <span class='ocrx_word' id='word_1_189' title='bbox 336 2865 452 2930; x_wconf 89' lang='lat' dir='ltr'>rutilas</span> <span class='ocrx_word' id='word_1_190' title='bbox 477 2866 565 2930; x_wconf 90' lang='lat' dir='ltr'>dives</span> <span class='ocrx_word' id='word_1_191' title='bbox 587 2865 740 2930; x_wconf 90' lang='lat' dir='ltr'>Pactolus</span> <span class='ocrx_word' id='word_1_192' title='bbox 763 2865 908 2930; x_wconf 85' lang='lat' dir='ltr'>harenas.</span> 
     </span>
    </p>

    <p class='ocr_par' dir='ltr' id='par_1_18' title="bbox 135 2954 1149 3395">
     <span class='ocr_line' id='line_1_32' title="bbox 201 2954 1149 3041; baseline 0 -20"><span class='ocrx_word' id='word_1_193' title='bbox 201 2956 287 3041; x_wconf 86' lang='lat' dir='ltr'>Non,</span> <span class='ocrx_word' id='word_1_194' title='bbox 309 2955 391 3019; x_wconf 91' lang='lat' dir='ltr'>mihi</span> <span class='ocrx_word' id='word_1_195' title='bbox 414 2955 557 3019; x_wconf 88' lang='lat' dir='ltr'>centenis</span> <span class='ocrx_word' id='word_1_196' title='bbox 580 2958 711 3038; x_wconf 90' lang='lat' dir='ltr'>pateant</span> <span class='ocrx_word' id='word_1_197' title='bbox 735 2954 763 3017; x_wconf 89' lang='lat' dir='ltr'>si</span> <span class='ocrx_word' id='word_1_198' title='bbox 786 2954 921 3019; x_wconf 84' lang='lat' dir='ltr'>vocibus</span> <span class='ocrx_word' id='word_1_199' title='bbox 945 2975 1002 3018; x_wconf 89' lang='lat' dir='ltr'>ora</span> <span class='ocrx_word' id='word_1_200' title='bbox 1115 2973 1149 3021; x_wconf 77' lang='lat' dir='ltr'>oo</span> 
     </span>
     <span class='ocr_line' id='line_1_33' title="bbox 135 3042 1044 3128; baseline -0.004 -18"><span class='ocrx_word' id='word_1_201' title='bbox 135 3045 381 3127; x_wconf 85' lang='lat' dir='ltr'>Multifidasque</span> <span class='ocrx_word' id='word_1_202' title='bbox 404 3048 477 3108; x_wconf 90' lang='lat' dir='ltr'>ruat</span> <span class='ocrx_word' id='word_1_203' title='bbox 501 3048 629 3108; x_wconf 90' lang='lat' dir='ltr'>centum</span> <span class='ocrx_word' id='word_1_204' title='bbox 651 3065 709 3126; x_wconf 88' lang='lat' dir='ltr'>per</span> <span class='ocrx_word' id='word_1_205' title='bbox 730 3047 861 3127; x_wconf 90' lang='lat' dir='ltr'>pectora</span> <span class='ocrx_word' id='word_1_206' title='bbox 883 3042 1044 3128; x_wconf 89' lang='lat' dir='ltr'>Phoebus,</span> 
     </span>
     <span class='ocr_line' id='line_1_34' title="bbox 135 3131 1076 3218; baseline -0.003 -20"><span class='ocrx_word' id='word_1_207' title='bbox 135 3133 219 3199; x_wconf 86' lang='lat' dir='ltr'>Acta</span> <span class='ocrx_word' id='word_1_208' title='bbox 241 3133 342 3197; x_wconf 90' lang='lat' dir='ltr'>Probi</span> <span class='ocrx_word' id='word_1_209' title='bbox 364 3154 494 3196; x_wconf 88' lang='lat' dir='ltr'>narrare</span> <span class='ocrx_word' id='word_1_210' title='bbox 518 3154 641 3216; x_wconf 84' lang='lat' dir='ltr'>queam,</span> <span class='ocrx_word' id='word_1_211' title='bbox 665 3136 744 3215; x_wconf 90' lang='lat' dir='ltr'>quot</span> <span class='ocrx_word' id='word_1_212' title='bbox 768 3132 803 3196; x_wconf 93' lang='lat' dir='ltr'>in</span> <span class='ocrx_word' id='word_1_213' title='bbox 826 3131 936 3196; x_wconf 90' lang='lat' dir='ltr'>ordine</span> <span class='ocrx_word' id='word_1_214' title='bbox 960 3135 1076 3218; x_wconf 84' lang='lat' dir='ltr'>gentes</span> 
     </span>
     <span class='ocr_line' id='line_1_35' title="bbox 136 3220 917 3307; baseline -0.005 -19"><span class='ocrx_word' id='word_1_215' title='bbox 136 3222 279 3307; x_wconf 87' lang='lat' dir='ltr'>Rexerit,</span> <span class='ocrx_word' id='word_1_216' title='bbox 302 3220 343 3285; x_wconf 92' lang='lat' dir='ltr'>ad</span> <span class='ocrx_word' id='word_1_217' title='bbox 365 3221 482 3284; x_wconf 91' lang='lat' dir='ltr'>summi</span> <span class='ocrx_word' id='word_1_218' title='bbox 506 3221 656 3303; x_wconf 90' lang='lat' dir='ltr'>quotiens</span> <span class='ocrx_word' id='word_1_219' title='bbox 679 3220 812 3307; x_wconf 83' lang='lat' dir='ltr'>fastigia</span> <span class='ocrx_word' id='word_1_220' title='bbox 835 3220 917 3285; x_wconf 91' lang='lat' dir='ltr'>iuris</span> 
     </span>
     <span class='ocr_line' id='line_1_36' title="bbox 136 3308 864 3395; baseline -0.003 -19"><span class='ocrx_word' id='word_1_221' title='bbox 136 3310 285 3395; x_wconf 80' lang='lat' dir='ltr'>Venerit,</span> <span class='ocrx_word' id='word_1_222' title='bbox 307 3308 421 3374; x_wconf 89' lang='lat' dir='ltr'>Italiae</span> <span class='ocrx_word' id='word_1_223' title='bbox 444 3310 509 3372; x_wconf 88' lang='lat' dir='ltr'>late</span> <span class='ocrx_word' id='word_1_224' title='bbox 533 3330 605 3373; x_wconf 92' lang='lat' dir='ltr'>cum</span> <span class='ocrx_word' id='word_1_225' title='bbox 628 3309 719 3373; x_wconf 89' lang='lat' dir='ltr'>frena</span> <span class='ocrx_word' id='word_1_226' title='bbox 741 3312 864 3374; x_wconf 90' lang='lat' dir='ltr'>teneret</span> 
     </span>
    </p>
   </div>
   <div class='ocr_carea' id='block_1_3' title="bbox 209 3500 722 3572">
    <p class='ocr_par' dir='ltr' id='par_1_19' title="bbox 209 3500 722 3572">
     <span class='ocr_line' id='line_1_37' title="bbox 209 3500 722 3572; baseline 0.004 -18"><span class='ocrx_word' id='word_1_227' title='bbox 209 3508 242 3557; x_wconf 88' lang='grc'>36</span> <span class='ocrx_word' id='word_1_228' title='bbox 262 3501 399 3572; x_wconf 87' lang='lat' dir='ltr'>Maeotia]</span> <span class='ocrx_word' id='word_1_229' title='bbox 421 3500 575 3570; x_wconf 52' lang='lat' dir='ltr'>Obramoa</span> <span class='ocrx_word' id='word_1_230' title='bbox 593 3500 722 3556; x_wconf 82' lang='lat' dir='ltr'>meotica.</span> 
     </span>
    </p>
   </div>
   <div class='ocr_carea' id='block_1_4' title="bbox 0 0 1232 3832">
    <p class='ocr_par' dir='ltr' id='par_1_20' title="bbox 0 0 1232 3832">
     <span class='ocr_line' id='line_1_38' title="bbox 0 0 1232 3832; baseline 0 0"><span class='ocrx_word' id='word_1_231' title='bbox 0 0 1232 3832; x_wconf 95' lang='lat' dir='ltr'> </span> 
     </span>
    </p>
   </div>
  </div>
 </body>
</html>
