2438 3832
103 144 168 208 126
431 138 577 196 CLAVDH
596 137 795 194 CLAVDIANI

103 305 303 389 Obnixisque
327 303 423 368 simul
445 303 547 387 pubes
570 301 672 366 electa
694 299 824 365 lacertis

105 394 271 460 Sidereum
294 395 436 479 gestaret
460 413 549 456 onus.
597 388 650 455 Sic
671 388 807 454 numina
829 386 991 471 Memphis
1069 402 1123 452 570

101 483 141 549 In
163 483 282 570 vulgus
304 481 449 565 proferre
473 480 571 565 solet3
593 478 815 563 penetralibus
839 497 856 540 e
881 477 905 540 't

101 572 254 659 Effigies,
277 570 384 635 brevis
407 569 464 633 1115
488 568 630 652 quidem:
655 569 711 634 sed
733 566 893 651 plurimus
915 565 1002 630 infra

100 661 233 746 Liniger
255 659 409 743 imposito
433 657 575 741 suspirat
597 661 688 722 vecte
712 655 860 721 sacerdos

101 750 253 814 Testatus
277 748 392 812 sudore
416 746 523 832 deum,
545 744 690 812 Nilotica
714 746 820 810 sistris

101 838 186 922 Ripa
209 840 303 901 sonat
325 835 526 918 Phariosque
549 834 663 900 modos
685 833 849 922 Aegyptia
873 833 961 897 ducit
1067 849 1120 900 575

101 927 208 1012 Tibia3
232 924 413 989 summissis
436 924 583 1011 admugit
606 925 758 988 cornibus
781 923 872 1007 Apis.

102 1015 214 1081 Omnis
236 1013 406 1101 nobilitas,
430 1013 535 1078 omnis
558 1018 615 1079 tua
638 1035 728 1078 sacra
746 1013 936 1095 ‘frequentat

100 1103 275 1188 Thybridis
298 1106 331 1167 05
352 1102 439 1167 Latii
463 1102 607 1187 suboles,
630 1102 780 1166 convenit
802 1101 837 1164 in
859 1122 960 1164 unum

102 1192 265 1276 Quidquid
282 1192 318 1256 in
336 1192 415 1257 orbe
432 1191 496 1255 fuit
513 1212 692 1277 procerum,
716 1190 834 1274 quibus
854 1193 967 1254 auctor
984 1187 1120 1254 honoris

100 1281 163 1346 Vel
185 1286 222 1346 tu
245 1281 298 1346 vel
320 1281 457 1367 genitor.
500 1278 683 1344 Numeroso
707 1278 839 1343 consule
862 1277 975 1342 consul
1066 1295 1119 1345 580

102 1370 249 1456 (lingeris
273 1373 306 1434 05
330 1369 436 1433 000100
459 1368 579 1454 gaudes
603 1368 771 1432 admittere
794 1371 912 1451 patres.

100 1457 236 1524 Inlustri
259 1462 292 1523 te
314 1458 406 1541 prole
429 1457 551 1543 Tagus,
574 1461 607 1521 te
631 1454 737 1522 Gallia
760 1456 864 1521 doctis

102 1546 234 1612 Civibus
258 1551 291 1610 et
313 1549 385 1611 toto
409 1546 543 1630 stipavit
565 1545 670 1611 Roma
694 1550 816 1610 senatu.

99 1636 254 1701 Portatur
277 1635 429 1700 iuvenum
453 1634 630 1699 cervicibus
653 1656 749 1699 aurea
773 1634 863 1698 sedes

100 1723 289 1809 Ornatuque
311 1746 396 1789 novo
420 1724 551 1810 gravior
573 1723 659 1788 deus.
704 1721 845 1808 Asperat
867 1720 967 1786 Indus
1066 1738 1119 1789 555

99 1813 292 1879 Velamenta
313 1813 397 1897 lapis
419 1813 625 1897 pretiosaque
648 1812 704 1876 fila
727 1810 906 1898 smaragdis

99 1901 206 1968 Duota
229 1903 349 1988 virent3
372 1900 574 1985 amethystus
597 1902 683 1965 inest
706 1906 738 1965 et
761 1900 871 1987 fulgor
894 1899 1037 1963 Hiberus

99 1990 271 2076 Temperat
294 1989 419 2054 arcanis
441 1989 609 2073 hyacinthi
633 1990 760 2054 caerula
782 1988 929 2054 flammis.

98 2078 168 2144 Nec
190 2079 279 2144 rudis
302 2078 419 2143 105511
443 2078 569 2143 suffecit
592 2079 698 2166 gratia
720 2082 827 2164 textu3

99 2166 208 2254 Auget
231 2190 307 2233 5000
331 2167 482 2232 meritum
504 2167 765 2252 picturatumque
788 2167 929 2233 metallis
1065 2182 1119 2232 500

98 2256 190 2322 Vivit
214 2279 308 2341 opus:
332 2257 437 2321 multa
460 2260 663 2322 remorantur
685 2257 808 2341 iaspide
830 2257 942 2322 vultus

98 2345 144 2411 Et
167 2345 265 2410 variis
290 2345 392 2429 spirat
414 2344 532 2410 Nereia
554 2346 634 2410 baca
657 2345 781 2432 figuris.

100 2433 188 2511 Quae
210 2437 339 2498 tantum
361 2433 468 2517 potuit
492 2433 602 2520 digitis
625 2435 752 2499 mollire
775 2436 916 2522 rigorem

98 2521 282 2587 Ambitiosa
305 2522 417 2587 eolus?
440 2522 492 2587 vel
515 2522 606 2587 cuius
628 2523 766 2607 pectinis
789 2529 857 2590 arte

99 2610 280 2676 Traxenmt
303 2611 424 2676 solidae
447 2633 646 2697 gemmarum
669 2613 808 2678 stamina
830 2611 937 2678 telae?
1064 2627 1118 2677 595

97 2697 190 2766 Invia
214 2701 286 2784 quis
310 2701 404 2765 calidi
427 2704 589 2765 scrutatus
613 2705 729 2789 stagna
751 2700 904 2787 profundi

98 2789 242 2874 Tethyos
265 2789 384 2854 invasit
407 2789 587 2876 gremium?
611 2791 684 2874 quis
707 2791 816 2856 divitis
840 2790 932 2876 algae

99 2877 250 2944 (1000105
273 2879 447 2965 flagrantes
470 2877 555 2942 inter
578 2880 737 2964 quaesivit
759 2878 919 2945 harenas?

98 2967 177 3044 Quis
200 2967 306 3032 iunxit
329 2967 452 3052 lapides
476 2968 588 3032 ostro?
612 2969 685 3052 quis
708 2970 838 3035 miscuit
860 2968 953 3055 ignes

98 3055 223 3122 Sidonii
245 3056 413 3141 Rubrique
435 3056 557 3121 maris?
602 3057 757 3123 Tribuere
781 3058 921 3123 colorem
1063 3072 1116 3122 000

96 3145 288 3232 Phoenices,
312 3144 405 3210 Seres
429 3144 649 3232 subtegmina,
671 3147 798 3232 pondus
820 3146 1000 3231 Hydaspes.

97 3233 170 3300 Hoc
193 3234 221 3300 01
244 3234 409 3299 Μ5000150
434 3233 541 3298 010050
563 3236 732 3322 graderere
754 3258 812 3321 per
834 3236 945 3322 urbes,

97 3321 137 3388 10
159 3328 193 3387 50
214 3323 403 3408 pampineos
425 3323 616 3388 transferret
637 3325 740 3409 Lydia
763 3326 910 3411 thyrsos,

97 3412 136 3477 In
159 3417 192 3478 te
214 3410 306 3497 Nysa
330 3411 460 3498 choros3
484 3411 687 3478 dubitassent
711 3415 802 3501 orgia
825 3413 958 3499 Bacchi,

99 3501 159 3567 Cui
181 3501 339 3590 furerent,
360 3500 445 3567 irent
467 3499 603 3568 blandae
627 3503 687 3569 sub
710 3504 839 3571 vincula
861 3503 972 3589 tigres.
1063 3517 1115 3567 505
