2438 3832
123 156 190 220 244
455 153 600 209 CLAVDII
619 153 818 209 OLAVDIANI

122 318 168 382 Et
192 317 355 403 quotiens,
379 339 484 381 rerum
507 312 609 382 moles
631 321 669 381 ut
691 317 822 401 publica
845 319 946 404 cogit,

123 408 261 472 Tristior
285 410 340 470 aut
363 407 412 469 ira
434 405 577 469 tumidus
600 406 758 492 flagrante
781 407 919 492 redibat,
1087 422 1138 473 135

125 495 206 560 Cum
228 500 354 579 patrem
376 495 446 559 nati
468 495 617 581 tugerent
640 499 737 578 atque
759 496 831 580 ipsa
853 497 981 560 timeret

125 584 331 649 Commotum
352 583 506 647 Flaccilla
528 584 647 669 virum,
669 588 707 648 tu
731 585 800 648 sola
823 585 1012 649 frementem

122 673 298 760 Frangere,
321 677 358 736 tu
380 672 499 736 blando
522 676 651 755 poteras
676 695 821 738 sermone
844 674 977 759 mederi3

123 762 293 845 Adloquiis
317 762 447 825 haerere
470 760 549 846 tuis,
573 765 695 825 secreta
717 762 821 826 fateri.

123 851 234 915 Prisca
256 850 416 934 puellares
439 850 618 913 reverentia
640 851 784 915 transilit
807 872 917 917 annos.
1087 869 1137 917 140

122 939 199 1005 Non
222 941 320 1003 talem
343 938 470 1002 Triviae
493 938 617 1002 confert
642 939 792 1003 laudator
814 939 976 1004 Homerus

122 1028 260 1092 Alcinoo
284 1028 440 1114 genitam,
464 1027 644 1110 quaedum
666 1050 723 1111 per
746 1028 843 1092 litora
865 1035 971 1094 vestes

122 1117 273 1200 Explicat
297 1121 329 1180 et
352 1117 489 1180 famulas
513 1120 638 1181 exercet
661 1118 746 1181 laeta
770 1118 909 1204 choreis

122 1206 280 1271 Auratam
301 1206 441 1268 iaculata
463 1205 563 1288 pilam
586 1210 670 1288 post,
683 1207 841 1292 naufraga
864 1207 968 1271 somni

124 1294 199 1359 Otia
221 1316 428 1380 progressum
452 1294 539 1358 foliis
563 1294 692 1379 expavit
714 1295 841 1360 Vlixen.
1084 1313 1136 1362 141)

189 1382 315 1446 Pierius
338 1382 485 1446 laboret
508 1387 652 1447 veterum
675 1383 736 1447 tibi
760 1384 900 1448 carmina
922 1389 1033 1449 vatum

122 1472 232 1535 Ludus
256 1475 337 1534 erat:
362 1492 443 1553 quos
467 1469 604 1554 Smyrna
627 1471 727 1557 dedit,
751 1494 832 1555 quos
854 1473 988 1537 Mantua
1011 1473 1113 1537 libros

121 1560 314 1624 Percurrens
338 1559 470 1622 damnas
492 1558 649 1623 Helenam
670 1582 730 1624 nec
751 1561 857 1644 parcis
879 1562 1014 1626 Elissae.

122 1649 292 1713 Nobiliore
315 1652 426 1711 tenent
450 1649 574 1711 animos
597 1650 743 1731 exempla
765 1650 912 1732 pudicos:

123 1737 296 1801 Laodamia
319 1758 456 1819 sequens
479 1740 673 1800 remeantem
696 1760 808 1801 rursus
832 1739 1025 1814 adumbras
1083 1758 1136 1806 1110

47 1888 64 1908 ,x
121 1825 319 1909 Phylaciden
341 1830 373 1888 et
396 1847 498 1908 prona
520 1847 616 1888 ruens
642 1825 800 1910 Capaneia
825 1827 963 1891 coniunx

123 1914 315 1979 Communes
339 1914 469 1977 ardente
492 1914 561 1977 viro
584 1914 724 1978 mixtura
747 1915 875 1979 favillas

122 2003 167 2067 Et
190 2003 298 2090 gravis
321 2002 509 2066 incumbens
533 2007 622 2067 casto
644 2003 794 2068 Lucretia
817 2005 916 2089 ferro,

121 2091 264 2155 Vulnere
287 2114 368 2174 quae
390 2092 522 2174 proprio
545 2092 669 2156 facinus
692 2096 812 2156 testata
835 2095 965 2178 tyranni

120 2181 271 2244 Armavit
292 2180 416 2263 patriae
438 2181 542 2244 iustos
564 2181 599 2244 in
622 2181 707 2244 bella
731 2182 857 2246 dolores
1086 2203 1135 2251 roo

121 2269 226 2333 Exule
250 2269 424 2351 Tarquinio
447 2270 715 2352 memorandaque
738 2272 877 2335 concidit
900 2295 964 2336 uno

120 2357 200 2421 Vlta
222 2358 409 2441 pudicitiam
431 2357 677 2441 libertatemque
701 2381 820 2424 cruore.
1002 2400 1021 2446 0

122 2446 216 2510 Talia
239 2447 323 2509 facta
346 2446 450 2509 libens
472 2468 539 2509 non
562 2451 599 2511 tu
621 2449 740 2512 virtute
762 2449 899 2535 minore,

121 2533 185 2600 Sed
208 2534 276 2598 fato
300 2534 430 2598 meliore
453 2534 551 2621 legis

590 2622 660 2687 Iam
681 2625 802 2688 nubilis
826 2631 913 2706 aetas

121 2713 270 2797 Principe
294 2713 434 2777 sollicito
457 2712 542 2776 votis
566 2718 708 2777 erexerat
731 2715 838 2778 aulam
1084 2735 1134 2782 160

119 2801 272 2885 Incertis,
297 2825 391 2885 quem
413 2805 504 2865 tanta
527 2803 591 2866 tori
615 2803 745 2866 fortuna
767 2809 918 2868 maneret.

121 2891 284 2974 Antiquos
307 2892 452 2974 loquitur
474 2891 639 2955 Musarum
661 2893 779 2978 pagina
802 2916 906 2980 reges,

122 2979 216 3056 Quod
239 2981 317 3043 dura
341 2981 400 3044 sub
424 2980 494 3066 lege
517 3003 632 3064 procos
656 2984 777 3045 certare
799 2983 959 3066 iuberent,

121 3068 299 3152 Empturos
322 3069 500 3132 thalamum
524 3070 612 3133 dubii
635 3070 816 3132 discrimine
839 3071 896 3133 leti

121 3157 166 3221 Et
190 3181 248 3222 sua
272 3158 414 3221 crudeles
437 3158 612 3242 gauderent
634 3158 771 3244 pignora
793 3159 907 3221 mortis
1083 3178 1134 3226 165

122 3246 310 3312 Ambitione
332 3247 407 3330 peti.
446 3245 548 3310 Curru
571 3247 684 3310 Pisaea
707 3247 830 3310 marino

122 3335 221 3420 Fugit
244 3336 362 3418 praeda
384 3335 515 3420 Pelops3
538 3359 613 3400 nam
635 3335 776 3419 perfidus
800 3336 890 3400 obice
913 3337 999 3423 regis

113 3548 116 3553 ·
178 3535 233 3582 139
251 3529 356 3604 fateri]
375 3531 507 3604 Birtiu85
525 3528 612 3588 fideli.
