2438 3832
97 135 152 206 (X.)
172 132 453 188 EPITHALAMIVM
471 132 519 187 DE
538 132 682 188 NVPTIIS
702 131 857 188 HONORII
872 131 1039 188 AVGVSTI.
1069 131 1112 196 93

413 388 800 462 EPITHALAMIVM.

576 543 636 613 (x.)

164 654 325 718 Hauserat
349 653 500 718 insolitos
524 653 702 737 promissae
725 653 863 740 virginis
887 653 979 740 ignes

97 742 266 830 Augustus
290 743 459 827 primoque
482 742 571 806 rudis
594 743 787 828 flagraverat
810 747 915 828 aestu3

97 832 166 898 Nec
188 855 291 897 novus
314 832 398 896 unde
422 832 509 896 calor
531 853 590 895 nec
614 832 693 915 quid
715 832 855 916 suspiria
877 831 1011 916 vellent,

99 921 243 986 Noverat
267 921 425 1004 incipiens
449 925 481 985 et
504 921 608 984 adhuc
631 921 764 1006 ignarus
787 920 924 986 amandi.

98 1010 175 1076 Non
198 1011 248 1074 illi
271 1014 406 1074 venator
429 1032 543 1094 equuS,
565 1031 633 1074 non
656 1010 780 1093 spicula
804 1031 913 1094 curae,
1097 1025 1114 1074 5

99 1098 176 1163 Non
198 1100 339 1163 iaculum
362 1103 513 1182 torquere
536 1098 631 1182 libet3
654 1121 744 1163 mens
768 1099 873 1163 omnis
897 1099 1025 1162 aberrat

98 1186 138 1251 In
160 1189 290 1273 vulnus,
315 1187 402 1271 quod
423 1188 496 1251 fixit
519 1187 629 1251 Amor.
676 1187 779 1264 Quam
802 1209 896 1271 saepe
919 1186 1069 1251 medullis

99 1277 219 1360 Erupit
242 1277 395 1363 gemitus!
420 1276 571 1360 quotiens
594 1276 760 1340 incanduit
784 1298 838 1341 ore

101 1365 274 1429 Confessus
299 1369 420 1429 secreta
444 1365 544 1429 rubor
565 1387 747 1449 nomenque
769 1365 901 1429 beatum

99 1453 245 1518 iniussae
269 1455 425 1537 scripsere
448 1456 578 1518 manus!
624 1452 693 1519 Iam
716 1476 848 1519 munera
870 1458 990 1538 nuptae
1082 1471 1115 1519 10

99 1543 273 1627 Praeparat
297 1547 329 1607 et
351 1543 518 1628 pulchros,
541 1542 663 1608 Mariae
687 1543 744 1607 sed
765 1544 836 1608 luce
859 1543 1000 1607 minores

99 1631 205 1718 Eligit
229 1636 375 1717 ornatuS,
399 1631 558 1715 quidquid
579 1632 774 1697 venerabilis
798 1632 878 1696 olim
975 1656 978 1662 ’

98 1720 192 1785 Livia
216 1722 427 1803 divorumque
449 1743 550 1784 nurus
574 1743 701 1807 gessere
726 1720 890 1805 superbae.

99 1808 230 1874 incusat
255 1831 327 1894 spes
351 1831 447 1895 aegra
469 1831 577 1874 moras
600 1810 755 1896 longique
778 1810 929 1875 videntur

101 1898 192 1963 Stare
217 1898 284 1962 dies
309 1920 502 1984 segnemque
526 1902 630 1962 rotam
653 1921 720 1963 non
742 1900 869 1964 flectere
891 1897 1030 1962 Phoebe.
1083 1913 1114 1962 15

101 1986 214 2070 Scyria
237 1987 284 2051 sic
307 1991 453 2051 tenerum
476 1987 569 2073 virgo
593 1989 779 2053 flammabat
803 1986 965 2051 Achillem

99 2075 236 2139 Fraudis
260 2076 363 2140 adhuc
387 2097 499 2159 expers
523 2076 770 2160 bellatricesque
794 2076 929 2140 docebat

100 2165 224 2229 Ducere
246 2165 303 2228 fila
325 2186 440 2229 manus
463 2169 508 2250 et,
531 2187 608 2228 mox
631 2187 713 2249 quos
736 2165 863 2229 horruit
886 2163 956 2249 Ide,

99 2252 303 2318 Thessalicos
328 2275 420 2318 roseo
443 2258 517 2318 nect
503 2255 594 2318 tebat
616 2254 734 2338 pollice
758 2253 871 2318 crines.

167 2342 307 2406 Haecet
283 2345 363 2406 t1am
377 2343 524 2425 queritur
538 2365 659 2408 secum:
678 2343 837 2420 Quonam
847 2364 950 2426 usque
959 2341 1116 2406 verendus

102 2430 240 2494 Gunela
191 2434 280 2494 tatur
303 2432 1009 2519 111111111111111111111111131111111111,
1081 2448 1114 2496 21

103 2517 205 2594 Quam
228 2519 367 2606 pepigit,
391 2526 560 2604 castasque
583 2544 693 2607 preces
717 2521 851 2605 implere
874 2524 1000 2584 recusa
986 2521 1022 2584 1

100 2607 178 2672 Non
201 2630 260 2694 ego
284 2608 444 2673 luxuriem
468 2633 580 2696 regum
599 2632 785 2694 moremque
809 2613 938 2674 secutus

101 2694 252 2771 Quaesivi
275 2698 401 2762 vultum
424 2699 650 2784 thalamis‚ut
636 2699 789 2764 tnuntia
811 2699 934 2762 formae

100 2785 187 2849 Lena
210 2809 271 2886 per·
290 2787 475 2851 innumeros
499 2788 561 2851 iret
583 2788 711 2871 pictura
733 2792 879 2871 penates,
1081 2803 1115 2853 25

99 2873 169 2938 Nec
192 2875 291 2938 variis
315 2875 448 2939 dubium
471 2876 624 2940 thalamis
647 2877 694 2940 lat
680 2881 774 2940 turus
797 2897 939 2941 amorem

100 2961 211 3026 Ardua
235 2964 382 3027 commisi
406 2964 507 3028 falsae
530 2965 669 3029 conubia
692 2987 790 3029 cerae.

100 3051 177 3115 Non
200 3053 291 3135 rapio
314 3075 466 3136 praeceps
490 3053 613 3117 alienae
635 3053 764 3117 foedera
786 3051 912 3137 taedae,

101 3137 163 3204 Sed
187 3163 268 3241 quae
292 3164 410 3225 sponsa
432 3142 514 3206 mihi
537 3142 661 3243 pridem
684 3147 740 3226 pat
741 3143 851 3226 risque
874 3104 987 3205 relicta

100 3226 244 3293 Mandat
220 3234 264 3293 111
287 3254 351 3294 uno
375 3231 513 3296 materni
537 3231 706 3318 sanguinis
730 3236 804 3296 ortu
1082 3247 1117 3297 30

102 3316 311 3382 Communem
334 3321 475 3420 partitur
498 3344 601 3385 avum.
646 3320 725 3385 Fast
727 3321 793 3385 idia
819 3319 955 3403 supplex

100 3405 245 3489 Deposui
269 3409 419 3494 gessique
441 3431 588 3495 procum,
612 3409 649 3473 de
672 3409 783 3473 limine
807 3431 897 3473 sacro

101 3492 237 3559 Oretum
260 3497 335 3560 misi
358 3520 519 3585 proceres,
543 3499 600 3585 qui
622 3498 777 3586 proxima
795 3498 902 3564 nohis
