2438 3832
96 151 246 223 (XXVIII.)
264 150 521 207 PANEGYRIGVS
539 151 587 204 DE
607 150 723 207 SEXTO
743 150 843 207 CONS.
859 149 1024 206 HONORII.
1049 151 1115 217 193

96 314 183 379 Viva
207 314 333 378 dedit?'
380 313 505 379 Gaudet
528 317 675 379 metucns
699 318 731 378 et
753 313 871 398 pollice
893 316 1064 399 monstrat,

98 403 194 482 Quod
215 403 394 486 picturatas
417 404 528 489 galeae
550 401 688 467 Iunonia
711 403 826 467 cristas
1063 418 1115 468 515

98 492 201 557 Ornet
225 493 293 555 1111
315 492 368 557 111
391 491 478 575 quod
500 491 622 578 rigidos
644 491 772 556 vibrata
794 513 852 575 per
874 512 982 555 armos

100 581 213 646 Rubra
237 581 297 644 sub
321 585 434 644 aurato
459 580 640 663 crispentur
663 580 764 644 serica
787 579 892 644 dorse.

167 670 257 734 Tunc
279 669 342 734 tibi
364 692 556 756 magnorum
577 690 716 734 mercem
737 667 883 733 Fortuna
905 668 1055 733 laborum

100 758 275 843 Persolvit,
300 757 450 843 Stilicho,
474 781 570 822 curru
593 779 666 822 cum
688 762 800 823 vectus
824 756 935 822 eodem

100 847 189 911 Vrbe
212 847 466 930 triumphantem
488 869 642 933 generum
664 847 799 911 florente
821 845 953 911 iuventa
1065 861 1118 912 580

102 935 311 1019 conspiceres
332 935 490 1019 illumque
514 935 598 999 diem
620 936 681 999 sub
705 935 799 1000 corde
821 934 966 1020 referres,

99 1024 172 1101 Quo
196 1025 258 1088 tibi
282 1025 415 1089 confusa
439 1024 546 1089 dubiis
569 1023 740 1089 formidine
763 1024 860 1088 rebus

100 1112 263 1178 Infantem
287 1114 415 1199 genitor
437 1113 578 1178 moriens
602 1112 764 1178 commisit
787 1111 945 1176 alendum.

101 1201 249 1266 Virtutes
274 1201 381 1265 variae
404 1202 529 1266 fructus
554 1223 681 1266 sensere
703 1204 864 1284 recept0s3

102 1290 297 1375 Depositum
321 1311 478 1375 servasse,
501 1290 596 1376 fides3
620 1289 815 1375 constantia,
838 1309 974 1373 parvum
1067 1303 1118 1354 585

102 1378 299 1442 Praefecisse
323 1378 408 1462 orbi3
430 1379 547 1464 pietas,
571 1378 691 1444 fovisse
713 1377 941 1463 propinquum.

103 1467 167 1530 Hic
191 1471 240 1530 est
262 1467 318 1531 ille
341 1489 434 1552 puer,
459 1468 514 1551 qui
536 1490 623 1532 nunc
646 1467 687 1532 ed
708 1471 815 1532 rostra
839 1465 981 1544 Quirites

101 1556 228 1620 Evocat
251 1560 283 1620 et
306 1556 389 1620 solio
412 1556 516 1621 fultus
539 1556 697 1643 genitoris
721 1557 843 1621 eburno

104 1644 276 1708 Gestarum
298 1644 447 1728 patribus
471 1667 583 1710 causas
607 1668 646 1710 ex
670 1645 781 1710 ordine
804 1665 912 1710 rerum

103 1733 314 1816 Eventusque
337 1733 435 1797 refert
459 1738 667 1817 veterumque
690 1734 835 1818 exempla
858 1734 988 1797 secutus
1069 1745 1122 1797 590

103 1821 232 1909 Digen't
255 1821 383 1904 imperii
406 1822 467 1885 sub
490 1823 595 1887 iudice
617 1824 704 1887 fecta
728 1825 849 1887 senatu.

103 1910 162 1976 Nil
186 1911 329 1974 cumulat
351 1910 459 1975 verbis
484 1933 565 1994 quae
588 1911 636 1975 nil
658 1911 776 1977 fiducia
800 1910 896 1995 celat3

103 1999 220 2063 Fucati
243 1999 400 2063 sermonis
425 2021 518 2084 opem
541 2022 631 2064 mens
655 2000 783 2064 conscia
806 1998 911 2063 laudis

104 2087 238 2152 Abnuit.
284 2086 478 2174 Agnoscunt
499 2110 662 2173 proceres3
684 2088 863 2171 habituque
888 2086 1014 2152 Gabino

104 2175 265 2260 Principis
288 2180 320 2239 et
344 2176 479 2241 ducibus
504 2176 746 2261 circumstipata
768 2174 891 2262 togatis
1034 2234 1037 2240 .
1070 2189 1123 2239 595

104 2264 178 2330 Iure
201 2264 372 2348 paludatae
395 2265 460 2329 iam
484 2265 572 2330 curia
594 2265 715 2329 militat
737 2265 838 2329 aulae.

106 2352 222 2418 Adfuit
245 2354 316 2436 ipsa
339 2352 407 2416 suis
430 2353 497 2417 ales
520 2353 667 2418 Victoria
689 2353 820 2438 templis

107 2443 272 2507 Romanae
295 2442 399 2505 tutela
421 2445 531 2529 togae:
555 2465 636 2526 quae
660 2443 759 2507 divite
782 2462 888 2527 penna

106 2531 239 2595 Patricii
262 2531 434 2595 reverenda
456 2532 545 2596 fovet
569 2531 709 2596 sacraria
731 2535 843 2596 coetus

108 2620 360 2703 Castrorumque
383 2619 493 2685 eadem
516 2643 622 2685 comes
645 2620 806 2685 indefessa
828 2623 960 2683 tuorum
1072 2634 1125 2684 600

106 2708 203 2773 Nunc
225 2709 355 2773 tandem
378 2708 498 2772 fruitur
520 2710 606 2774 10111
630 2713 727 2793 atque
751 2730 845 2774 omne
868 2708 1015 2771 futurum

108 2797 153 2861 Te
176 2799 298 2862 Romae
323 2819 455 2880 seseque
477 2797 539 2861 tibi
562 2799 698 2882 promitt
684 2797 725 2862 tit
747 2798 783 2862 in
805 2818 927 2861 aevum

174 2886 260 2950 Hinc
282 2886 346 2951 te
338 2909 402 2950 ram
425 2885 540 2968 patriis
562 2886 686 2951 laribus
709 2886 761 2951 via
783 2885 913 2950 nomine
936 2904 1012 2948 vero

108 2973 205 3040 Sacra
229 2976 336 3040 refert
380 2973 569 3060 Flagratt
500 2974 655 3038 ttudiis
679 2974 850 3039 concordia
872 2972 973 3059 vulgi,

108 3063 212 3140 Quam
234 3087 301 3128 non
323 3063 495 3128 inlecebris
496 3063 654 3216 tdispcrsi
677 3063 805 3164 colligis
828 3061 910 3146 auri3
1072 3075 1126 3127 605

107 3152 177 3218 Nec
199 3153 262 3216 tibi
284 3152 412 3217 venales
437 3155 510 3235 capt
512 3156 568 3216 ant
592 3152 714 3217 aeraria
736 3152 870 3236 plausus

110 3241 249 3326 corrupt
250 3264 309 3305 ura
332 3242 440 3306 fidem:
463 3241 558 3306 merit
559 3242 588 3305 is
544 3242 746 3306 toffertur
767 3241 930 3342 inemptus

107 3330 194 3394 Pura
212 3335 319 3396 mente
286 3330 442 3396 tefavor
487 3329 573 3396 Nam
595 3352 727 3396 munere
749 3329 854 3396 carior
877 3327 964 3392 omni

109 3418 192 3483 Obst
178 3419 294 3506 tringit
318 3442 375 3483 sua
399 3441 557 3503 quemque
582 3420 677 3485 salus
723 3419 842 3483 Procul
865 3417 1006 3481 ambitus
1026 3419 1125 3508 erret!

111 3505 188 3572 Non
212 3509 338 3662 quaerit
361 3508 517 3594 pretium,
540 3509 587 3574 vit
589 3532 641 3574 am
665 3508 721 3592 qui
745 3508 839 3573 debet
862 3506 974 3572 amori
1074 3523 1128 3568 cco

163 3622 230 3662 cmv
277 3623 373 3663 11110
378 3623 436 3675 ,11
450 3625 492 3666 xo
498 3624 539 3666 es
892 3615 934 3662 11
