<?xml version="1.0" encoding="UTF-8"?>
<!DOCTYPE html PUBLIC "-//W3C//DTD XHTML 1.0 Transitional//EN"
    "http://www.w3.org/TR/xhtml1/DTD/xhtml1-transitional.dtd">
<html xmlns="http://www.w3.org/1999/xhtml" xml:lang="en" lang="en">
 <head>
  <title>
</title>
<meta http-equiv="Content-Type" content="text/html;charset=utf-8" />
  <meta name='ocr-system' content='tesseract 3.04.00' />
  <meta name='ocr-capabilities' content='ocr_page ocr_carea ocr_par ocr_line ocrx_word'/>
</head>
<body>
  <div class='ocr_page' id='page_1' title='image "./claudiiclaudian05claugoog_0189.png"; bbox 0 0 2438 3832; ppageno 0'>
   <div class='ocr_carea' id='block_1_1' title="bbox 102 167 792 237">
    <p class='ocr_par' dir='ltr' id='par_1_1' title="bbox 102 167 792 237">
     <span class='ocr_line' id='line_1_1' title="bbox 102 167 792 237; baseline -0.023 1"><span class='ocrx_word' id='word_1_1' title='bbox 102 170 168 237; x_wconf 77' lang='grc'><strong>120</strong></span> <span class='ocrx_word' id='word_1_2' title='bbox 428 168 573 225; x_wconf 81' lang='lat' dir='ltr'><strong>CLAVDII</strong></span> <span class='ocrx_word' id='word_1_3' title='bbox 592 167 792 224; x_wconf 81' lang='lat' dir='ltr'><strong>OLAVDIANI</strong></span> 
     </span>
    </p>
   </div>
   <div class='ocr_carea' id='block_1_2' title="bbox 99 331 1126 863">
    <p class='ocr_par' dir='ltr' id='par_1_2' title="bbox 99 331 1126 863">
     <span class='ocr_line' id='line_1_2' title="bbox 507 331 1046 416; baseline 0.004 -20"><span class='ocrx_word' id='word_1_4' title='bbox 507 331 679 397; x_wconf 89' lang='lat' dir='ltr'><strong>Dicturum</strong></span> <span class='ocrx_word' id='word_1_5' title='bbox 702 332 797 416; x_wconf 90' lang='lat' dir='ltr'><strong>plura</strong></span> <span class='ocrx_word' id='word_1_6' title='bbox 819 335 986 416; x_wconf 87' lang='lat' dir='ltr'><strong>parentem</strong></span> <span class='ocrx_word' id='word_1_7' title='bbox 1041 340 1046 349; x_wconf 84' lang='lat'><strong>‘</strong></span> 
     </span>
     <span class='ocr_line' id='line_1_3' title="bbox 99 420 1126 508; baseline -0.002 -19"><span class='ocrx_word' id='word_1_8' title='bbox 99 423 190 489; x_wconf 86' lang='lat' dir='ltr'><strong>Voce</strong></span> <span class='ocrx_word' id='word_1_9' title='bbox 214 421 316 487; x_wconf 90' lang='lat' dir='ltr'><strong>subis:</strong></span> <span class='ocrx_word' id='word_1_10' title='bbox 348 421 532 507; x_wconf 61' lang='lat' dir='ltr'><strong>liquidem,</strong></span> <span class='ocrx_word' id='word_1_11' title='bbox 555 420 685 486; x_wconf 84' lang='lat' dir='ltr'><strong>faveant</strong></span> <span class='ocrx_word' id='word_1_12' title='bbox 707 421 803 486; x_wconf 92' lang='lat' dir='ltr'><strong>modo</strong></span> <span class='ocrx_word' id='word_1_13' title='bbox 825 420 959 486; x_wconf 90' lang='lat' dir='ltr'><strong>numina</strong></span> <span class='ocrx_word' id='word_1_14' title='bbox 983 421 1126 508; x_wconf 87' lang='lat' dir='ltr'><strong>coeptis,</strong></span> 
     </span>
     <span class='ocr_line' id='line_1_4' title="bbox 101 509 931 596; baseline -0.004 -19"><span class='ocrx_word' id='word_1_15' title='bbox 101 513 191 577; x_wconf 89' lang='lat' dir='ltr'><strong>Haec</strong></span> <span class='ocrx_word' id='word_1_16' title='bbox 214 511 326 576; x_wconf 85' lang='lat' dir='ltr'><strong>effecta</strong></span> <span class='ocrx_word' id='word_1_17' title='bbox 349 510 446 596; x_wconf 87' lang='lat' dir='ltr'><strong>dabo,</strong></span> <span class='ocrx_word' id='word_1_18' title='bbox 468 532 528 574; x_wconf 90' lang='lat' dir='ltr'><strong>nec</strong></span> <span class='ocrx_word' id='word_1_19' title='bbox 550 533 601 575; x_wconf 91' lang='lat' dir='ltr'><strong>me</strong></span> <span class='ocrx_word' id='word_1_20' title='bbox 624 510 782 595; x_wconf 78' lang='lat' dir='ltr'><strong>fratrique</strong></span> <span class='ocrx_word' id='word_1_21' title='bbox 804 509 931 593; x_wconf 88' lang='lat' dir='ltr'><strong>tibique</strong></span> 
     </span>
     <span class='ocr_line' id='line_1_5' title="bbox 102 598 1124 685; baseline 0 -19"><span class='ocrx_word' id='word_1_22' title='bbox 102 600 303 666; x_wconf 84' lang='lat' dir='ltr'><strong>Dissimilem</strong></span> <span class='ocrx_word' id='word_1_23' title='bbox 325 599 438 685; x_wconf 86' lang='lat' dir='ltr'><strong>populi</strong></span> <span class='ocrx_word' id='word_1_24' title='bbox 462 598 696 682; x_wconf 89' lang='lat' dir='ltr'><strong>commissaque</strong></span> <span class='ocrx_word' id='word_1_25' title='bbox 720 621 819 685; x_wconf 88' lang='lat' dir='ltr'><strong>regna</strong></span> <span class='ocrx_word' id='word_1_26' title='bbox 842 598 1006 665; x_wconf 80' lang='lat' dir='ltr'><strong>ridebunt.</strong></span> <span class='ocrx_word' id='word_1_27' title='bbox 1069 617 1124 666; x_wconf 76' lang='grc'><strong>555</strong></span> 
     </span>
     <span class='ocr_line' id='line_1_6' title="bbox 104 687 969 774; baseline -0.005 -18"><span class='ocrx_word' id='word_1_28' title='bbox 104 690 167 756; x_wconf 80' lang='lat' dir='ltr'><strong>Sed</strong></span> <span class='ocrx_word' id='word_1_29' title='bbox 190 711 246 756; x_wconf 83' lang='lat' dir='ltr'><strong>cur</strong></span> <span class='ocrx_word' id='word_1_30' title='bbox 268 710 335 754; x_wconf 93' lang='lat' dir='ltr'><strong>non</strong></span> <span class='ocrx_word' id='word_1_31' title='bbox 357 688 481 774; x_wconf 90' lang='lat' dir='ltr'><strong>potius,</strong></span> <span class='ocrx_word' id='word_1_32' title='bbox 504 687 611 752; x_wconf 88' lang='lat' dir='ltr'><strong>verbis</strong></span> <span class='ocrx_word' id='word_1_33' title='bbox 635 709 717 770; x_wconf 88' lang='lat' dir='ltr'><strong>quae</strong></span> <span class='ocrx_word' id='word_1_34' title='bbox 741 687 884 774; x_wconf 84' lang='lat' dir='ltr'><strong>disseris,</strong></span> <span class='ocrx_word' id='word_1_35' title='bbox 906 710 969 752; x_wconf 89' lang='lat' dir='ltr'><strong>usu</strong></span> 
     </span>
     <span class='ocr_line' id='line_1_7' title="bbox 103 774 998 863; baseline -0.004 -19"><span class='ocrx_word' id='word_1_36' title='bbox 103 777 285 863; x_wconf 84' lang='lat' dir='ltr'><strong>Experior?</strong></span> <span class='ocrx_word' id='word_1_37' title='bbox 332 775 461 843; x_wconf 78' lang='lat' dir='ltr'><strong>Gelidus</strong></span> <span class='ocrx_word' id='word_1_38' title='bbox 486 780 571 840; x_wconf 88' lang='lat' dir='ltr'><strong>certe</strong></span> <span class='ocrx_word' id='word_1_39' title='bbox 593 798 679 841; x_wconf 87' lang='lat' dir='ltr'><strong>nunc</strong></span> <span class='ocrx_word' id='word_1_40' title='bbox 702 776 808 841; x_wconf 91' lang='lat' dir='ltr'><strong>tendis</strong></span> <span class='ocrx_word' id='word_1_41' title='bbox 831 776 866 840; x_wconf 93' lang='lat' dir='ltr'><strong>in</strong></span> <span class='ocrx_word' id='word_1_42' title='bbox 887 774 998 861; x_wconf 81' lang='lat' dir='ltr'><strong>Alpes.</strong></span> 
     </span>
    </p>
   </div>
   <div class='ocr_carea' id='block_1_3' title="bbox 91 865 1124 3622">
    <p class='ocr_par' dir='ltr' id='par_1_3' title="bbox 99 865 1124 1910">
     <span class='ocr_line' id='line_1_8' title="bbox 103 865 1071 953; baseline 0 -20"><span class='ocrx_word' id='word_1_43' title='bbox 103 868 174 933; x_wconf 90' lang='lat' dir='ltr'><strong>Duc</strong></span> <span class='ocrx_word' id='word_1_44' title='bbox 197 871 304 931; x_wconf 90' lang='lat' dir='ltr'><strong>tecum</strong></span> <span class='ocrx_word' id='word_1_45' title='bbox 328 866 491 951; x_wconf 80' lang='lat' dir='ltr'><strong>comitem3</strong></span> <span class='ocrx_word' id='word_1_46' title='bbox 514 866 630 951; x_wconf 87' lang='lat' dir='ltr'><strong>figant,</strong></span> <span class='ocrx_word' id='word_1_47' title='bbox 655 865 736 953; x_wconf 91' lang='lat' dir='ltr'><strong>sine,</strong></span> <span class='ocrx_word' id='word_1_48' title='bbox 757 869 871 931; x_wconf 86' lang='lat' dir='ltr'><strong>nostra</strong></span> <span class='ocrx_word' id='word_1_49' title='bbox 893 870 1071 950; x_wconf 81' lang='lat' dir='ltr'><strong>tyrannum</strong></span> 
     </span>
     <span class='ocr_line' id='line_1_9' title="bbox 103 954 971 1042; baseline -0.003 -20"><span class='ocrx_word' id='word_1_50' title='bbox 103 956 248 1042; x_wconf 72' lang='lat' dir='ltr'><strong>Spicula,</strong></span> <span class='ocrx_word' id='word_1_51' title='bbox 270 955 426 1040; x_wconf 77' lang='lat' dir='ltr'><strong>pallescat</strong></span> <span class='ocrx_word' id='word_1_52' title='bbox 448 958 577 1039; x_wconf 89' lang='lat' dir='ltr'><strong>nostro,</strong></span> <span class='ocrx_word' id='word_1_53' title='bbox 601 954 683 1039; x_wconf 90' lang='lat' dir='ltr'><strong>sine,</strong></span> <span class='ocrx_word' id='word_1_54' title='bbox 705 955 863 1021; x_wconf 87' lang='lat' dir='ltr'><strong>barbarus</strong></span> <span class='ocrx_word' id='word_1_55' title='bbox 887 977 971 1020; x_wconf 89' lang='lat' dir='ltr'><strong>arcu.</strong></span> 
     </span>
     <span class='ocr_line' id='line_1_10' title="bbox 101 1043 1123 1127; baseline 0 -16"><span class='ocrx_word' id='word_1_56' title='bbox 101 1045 271 1112; x_wconf 78' lang='lat' dir='ltr'><strong>Italiamne</strong></span> <span class='ocrx_word' id='word_1_57' title='bbox 294 1045 396 1110; x_wconf 87' lang='lat' dir='ltr'><strong>feram</strong></span> <span class='ocrx_word' id='word_1_58' title='bbox 419 1043 513 1108; x_wconf 79' lang='lat' dir='ltr'><strong>furiis</strong></span> <span class='ocrx_word' id='word_1_59' title='bbox 536 1043 707 1127; x_wconf 89' lang='lat' dir='ltr'><strong>praedonis</strong></span> <span class='ocrx_word' id='word_1_60' title='bbox 731 1043 838 1108; x_wconf 84' lang='lat' dir='ltr'><strong>acerbi</strong></span> <span class='ocrx_word' id='word_1_61' title='bbox 1068 1062 1123 1111; x_wconf 80' lang='lat'><strong>360</strong></span> 
     </span>
     <span class='ocr_line' id='line_1_11' title="bbox 102 1131 898 1218; baseline -0.006 -17"><span class='ocrx_word' id='word_1_62' title='bbox 102 1133 310 1202; x_wconf 79' lang='lat' dir='ltr'><strong>Subiectam‘?</strong></span> <span class='ocrx_word' id='word_1_63' title='bbox 333 1133 439 1218; x_wconf 89' lang='lat' dir='ltr'><strong>patiar</strong></span> <span class='ocrx_word' id='word_1_64' title='bbox 461 1132 599 1199; x_wconf 85' lang='lat' dir='ltr'><strong>Romam</strong></span> <span class='ocrx_word' id='word_1_65' title='bbox 623 1132 742 1197; x_wconf 87' lang='lat' dir='ltr'><strong>servire</strong></span> <span class='ocrx_word' id='word_1_66' title='bbox 766 1131 898 1197; x_wconf 82' lang='lat' dir='ltr'><strong>clienti?</strong></span> 
     </span>
     <span class='ocr_line' id='line_1_12' title="bbox 101 1222 954 1308; baseline -0.002 -20"><span class='ocrx_word' id='word_1_67' title='bbox 101 1224 213 1308; x_wconf 83' lang='lat' dir='ltr'><strong>Vsque</strong></span> <span class='ocrx_word' id='word_1_68' title='bbox 237 1222 357 1288; x_wconf 86' lang='lat' dir='ltr'><strong>adeone</strong></span> <span class='ocrx_word' id='word_1_69' title='bbox 379 1222 481 1307; x_wconf 85' lang='lat' dir='ltr'><strong>puer?</strong></span> <span class='ocrx_word' id='word_1_70' title='bbox 503 1243 563 1286; x_wconf 89' lang='lat' dir='ltr'><strong>nec</strong></span> <span class='ocrx_word' id='word_1_71' title='bbox 585 1243 636 1285; x_wconf 90' lang='lat' dir='ltr'><strong>me</strong></span> <span class='ocrx_word' id='word_1_72' title='bbox 659 1222 786 1305; x_wconf 88' lang='lat' dir='ltr'><strong>polluta</strong></span> <span class='ocrx_word' id='word_1_73' title='bbox 809 1225 954 1305; x_wconf 83' lang='lat' dir='ltr'><strong>potestas</strong></span> 
     </span>
     <span class='ocr_line' id='line_1_13' title="bbox 100 1310 873 1398; baseline -0.006 -19"><span class='ocrx_word' id='word_1_74' title='bbox 100 1312 169 1379; x_wconf 85' lang='lat' dir='ltr'><strong>Nec</strong></span> <span class='ocrx_word' id='word_1_75' title='bbox 192 1312 247 1396; x_wconf 90' lang='lat' dir='ltr'><strong>pia</strong></span> <span class='ocrx_word' id='word_1_76' title='bbox 271 1311 401 1398; x_wconf 79' lang='lat' dir='ltr'><strong>cognati</strong></span> <span class='ocrx_word' id='word_1_77' title='bbox 424 1314 537 1396; x_wconf 92' lang='lat' dir='ltr'><strong>tanget</strong></span> <span class='ocrx_word' id='word_1_78' title='bbox 560 1310 702 1376; x_wconf 75' lang='lat' dir='ltr'><strong>vindicta</strong></span> <span class='ocrx_word' id='word_1_79' title='bbox 726 1310 873 1374; x_wconf 82' lang='lat' dir='ltr'><strong>cruoris?</strong></span> 
     </span>
     <span class='ocr_line' id='line_1_14' title="bbox 100 1398 984 1486; baseline -0.002 -20"><span class='ocrx_word' id='word_1_80' title='bbox 100 1402 164 1467; x_wconf 88' lang='lat' dir='ltr'><strong>Per</strong></span> <span class='ocrx_word' id='word_1_81' title='bbox 188 1405 313 1486; x_wconf 88' lang='lat' dir='ltr'><strong>strages</strong></span> <span class='ocrx_word' id='word_1_82' title='bbox 337 1399 482 1483; x_wconf 89' lang='lat' dir='ltr'><strong>equitare</strong></span> <span class='ocrx_word' id='word_1_83' title='bbox 504 1398 593 1463; x_wconf 87' lang='lat' dir='ltr'><strong>libet.</strong></span> <span class='ocrx_word' id='word_1_84' title='bbox 639 1398 690 1463; x_wconf 89' lang='lat' dir='ltr'><strong>Da</strong></span> <span class='ocrx_word' id='word_1_85' title='bbox 712 1398 862 1482; x_wconf 87' lang='lat' dir='ltr'><strong>protinus</strong></span> <span class='ocrx_word' id='word_1_86' title='bbox 888 1421 984 1464; x_wconf 89' lang='lat' dir='ltr'><strong>arma.</strong></span> 
     </span>
     <span class='ocr_line' id='line_1_15' title="bbox 104 1488 1124 1574; baseline 0.003 -20"><span class='ocrx_word' id='word_1_87' title='bbox 104 1490 169 1555; x_wconf 81' lang='lat' dir='ltr'><strong>Cur</strong></span> <span class='ocrx_word' id='word_1_88' title='bbox 192 1510 293 1553; x_wconf 90' lang='lat' dir='ltr'><strong>annos</strong></span> <span class='ocrx_word' id='word_1_89' title='bbox 318 1488 442 1552; x_wconf 81' lang='lat' dir='ltr'><strong>obicis?</strong></span> <span class='ocrx_word' id='word_1_90' title='bbox 464 1508 592 1574; x_wconf 84' lang='lat' dir='ltr'><strong>pugnae</strong></span> <span class='ocrx_word' id='word_1_91' title='bbox 616 1509 673 1553; x_wconf 92' lang='lat' dir='ltr'><strong>cur</strong></span> <span class='ocrx_word' id='word_1_92' title='bbox 696 1509 816 1574; x_wconf 88' lang='lat' dir='ltr'><strong>arguor</strong></span> <span class='ocrx_word' id='word_1_93' title='bbox 837 1488 964 1572; x_wconf 82' lang='lat' dir='ltr'><strong>impar?</strong></span> <span class='ocrx_word' id='word_1_94' title='bbox 1069 1507 1124 1557; x_wconf 81' lang='grc'><strong>365</strong></span> 
     </span>
     <span class='ocr_line' id='line_1_16' title="bbox 101 1576 1025 1663; baseline -0.001 -20"><span class='ocrx_word' id='word_1_95' title='bbox 101 1578 257 1662; x_wconf 85' lang='lat' dir='ltr'><strong>Aequalis</strong></span> <span class='ocrx_word' id='word_1_96' title='bbox 280 1576 361 1644; x_wconf 89' lang='lat' dir='ltr'><strong>mihi</strong></span> <span class='ocrx_word' id='word_1_97' title='bbox 383 1576 529 1660; x_wconf 85' lang='lat' dir='ltr'><strong>Pyrrhus</strong></span> <span class='ocrx_word' id='word_1_98' title='bbox 552 1581 635 1661; x_wconf 89' lang='lat' dir='ltr'><strong>erat,</strong></span> <span class='ocrx_word' id='word_1_99' title='bbox 659 1598 732 1641; x_wconf 87' lang='lat' dir='ltr'><strong>cum</strong></span> <span class='ocrx_word' id='word_1_100' title='bbox 753 1577 912 1663; x_wconf 85' lang='lat' dir='ltr'><strong>Pergama</strong></span> <span class='ocrx_word' id='word_1_101' title='bbox 936 1577 1025 1643; x_wconf 90' lang='lat' dir='ltr'><strong>solus</strong></span> 
     </span>
     <span class='ocr_line' id='line_1_17' title="bbox 99 1663 886 1752; baseline -0.004 -19"><span class='ocrx_word' id='word_1_102' title='bbox 99 1667 250 1733; x_wconf 80' lang='lat' dir='ltr'><strong>Verterat</strong></span> <span class='ocrx_word' id='word_1_103' title='bbox 274 1670 306 1730; x_wconf 87' lang='lat' dir='ltr'><strong>et</strong></span> <span class='ocrx_word' id='word_1_104' title='bbox 328 1665 415 1750; x_wconf 91' lang='lat' dir='ltr'><strong>patri</strong></span> <span class='ocrx_word' id='word_1_105' title='bbox 436 1687 504 1730; x_wconf 92' lang='lat' dir='ltr'><strong>non</strong></span> <span class='ocrx_word' id='word_1_106' title='bbox 527 1665 734 1752; x_wconf 84' lang='lat' dir='ltr'><strong>degeneraret</strong></span> <span class='ocrx_word' id='word_1_107' title='bbox 755 1663 886 1731; x_wconf 84' lang='lat' dir='ltr'><strong>Achilli.</strong></span> 
     </span>
     <span class='ocr_line' id='line_1_18' title="bbox 101 1754 943 1840; baseline -0.004 -19"><span class='ocrx_word' id='word_1_108' title='bbox 101 1756 248 1839; x_wconf 89' lang='lat' dir='ltr'><strong>Denique</strong></span> <span class='ocrx_word' id='word_1_109' title='bbox 273 1755 300 1819; x_wconf 89' lang='lat' dir='ltr'><strong>si</strong></span> <span class='ocrx_word' id='word_1_110' title='bbox 322 1755 472 1839; x_wconf 89' lang='lat' dir='ltr'><strong>princeps</strong></span> <span class='ocrx_word' id='word_1_111' title='bbox 496 1754 611 1819; x_wconf 88' lang='lat' dir='ltr'><strong>castris</strong></span> <span class='ocrx_word' id='word_1_112' title='bbox 633 1756 765 1819; x_wconf 89' lang='lat' dir='ltr'><strong>haerere</strong></span> <span class='ocrx_word' id='word_1_113' title='bbox 786 1755 943 1840; x_wconf 79' lang='lat' dir='ltr'><strong>nequibo,</strong></span> 
     </span>
     <span class='ocr_line' id='line_1_19' title="bbox 99 1844 449 1910; baseline 0 0"><span class='ocrx_word' id='word_1_114' title='bbox 99 1845 163 1910; x_wconf 89' lang='lat' dir='ltr'><strong>Vel</strong></span> <span class='ocrx_word' id='word_1_115' title='bbox 186 1844 279 1909; x_wconf 90' lang='lat' dir='ltr'><strong>miles</strong></span> <span class='ocrx_word' id='word_1_116' title='bbox 302 1844 449 1910; x_wconf 67' lang='lat' dir='ltr'><strong>veniam?</strong></span> 
     </span>
    </p>

    <p class='ocr_par' dir='ltr' id='par_1_4' title="bbox 91 1932 1122 3622">
     <span class='ocr_line' id='line_1_20' title="bbox 506 1932 859 1999; baseline 0.008 -4"><span class='ocrx_word' id='word_1_117' title='bbox 506 1932 638 1997; x_wconf 89' lang='lat' dir='ltr'><strong>Delibat</strong></span> <span class='ocrx_word' id='word_1_118' title='bbox 662 1933 768 1999; x_wconf 91' lang='lat' dir='ltr'><strong>dulcia</strong></span> <span class='ocrx_word' id='word_1_119' title='bbox 790 1933 859 1998; x_wconf 90' lang='lat' dir='ltr'><strong>nati</strong></span> 
     </span>
     <span class='ocr_line' id='line_1_21' title="bbox 102 2022 1122 2108; baseline 0.003 -20"><span class='ocrx_word' id='word_1_120' title='bbox 102 2023 221 2088; x_wconf 87' lang='lat' dir='ltr'><strong>Oscula</strong></span> <span class='ocrx_word' id='word_1_121' title='bbox 243 2022 444 2104; x_wconf 88' lang='lat' dir='ltr'><strong>miratusque</strong></span> <span class='ocrx_word' id='word_1_122' title='bbox 466 2022 577 2086; x_wconf 87' lang='lat' dir='ltr'><strong>refert:</strong></span> <span class='ocrx_word' id='word_1_123' title='bbox 602 2022 788 2087; x_wconf 72' lang='lat' dir='ltr'><strong>‘Laudanda</strong></span> <span class='ocrx_word' id='word_1_124' title='bbox 809 2022 935 2108; x_wconf 82' lang='lat' dir='ltr'><strong>petisti3</strong></span> <span class='ocrx_word' id='word_1_125' title='bbox 1067 2038 1122 2092; x_wconf 70' lang='grc'>350</span> 
     </span>
     <span class='ocr_line' id='line_1_22' title="bbox 103 2110 926 2197; baseline -0.001 -20"><span class='ocrx_word' id='word_1_126' title='bbox 103 2112 165 2178; x_wconf 85' lang='lat' dir='ltr'><strong>Sed</strong></span> <span class='ocrx_word' id='word_1_127' title='bbox 187 2112 326 2176; x_wconf 86' lang='lat' dir='ltr'><strong>festinus</strong></span> <span class='ocrx_word' id='word_1_128' title='bbox 350 2132 448 2175; x_wconf 91' lang='lat' dir='ltr'><strong>amor.</strong></span> <span class='ocrx_word' id='word_1_129' title='bbox 494 2110 612 2175; x_wconf 90' lang='lat' dir='ltr'><strong>Veniet</strong></span> <span class='ocrx_word' id='word_1_130' title='bbox 635 2111 801 2176; x_wconf 90' lang='lat' dir='ltr'><strong>robustior</strong></span> <span class='ocrx_word' id='word_1_131' title='bbox 824 2116 926 2197; x_wconf 68' lang='lat' dir='ltr'><strong>aetas,</strong></span> 
     </span>
     <span class='ocr_line' id='line_1_23' title="bbox 99 2198 984 2286; baseline -0.003 -18"><span class='ocrx_word' id='word_1_132' title='bbox 99 2201 150 2268; x_wconf 89' lang='lat' dir='ltr'><strong>Ne</strong></span> <span class='ocrx_word' id='word_1_133' title='bbox 173 2222 320 2286; x_wconf 91' lang='lat' dir='ltr'><strong>propera.</strong></span> <span class='ocrx_word' id='word_1_134' title='bbox 364 2198 511 2266; x_wconf 89' lang='lat' dir='ltr'><strong>Necdum</strong></span> <span class='ocrx_word' id='word_1_135' title='bbox 530 2199 672 2279; x_wconf 55' lang='lat' dir='ltr'><strong>¹decimas</strong></span> <span class='ocrx_word' id='word_1_136' title='bbox 696 2221 844 2266; x_wconf 85' lang='lat' dir='ltr'><strong>emensus</strong></span> <span class='ocrx_word' id='word_1_137' title='bbox 867 2201 984 2265; x_wconf 88' lang='lat' dir='ltr'><strong>aristas</strong></span> 
     </span>
     <span class='ocr_line' id='line_1_24' title="bbox 99 2288 924 2377; baseline 0 -23"><span class='ocrx_word' id='word_1_138' title='bbox 99 2290 295 2377; x_wconf 86' lang='lat' dir='ltr'><strong>Adgrederis</strong></span> <span class='ocrx_word' id='word_1_139' title='bbox 319 2288 489 2353; x_wconf 88' lang='lat' dir='ltr'><strong>metuenda</strong></span> <span class='ocrx_word' id='word_1_140' title='bbox 512 2288 604 2353; x_wconf 78' lang='lat' dir='ltr'><strong>viris:</strong></span> <span class='ocrx_word' id='word_1_141' title='bbox 627 2289 765 2376; x_wconf 83' lang='lat' dir='ltr'><strong>vestigia</strong></span> <span class='ocrx_word' id='word_1_142' title='bbox 788 2312 924 2376; x_wconf 88' lang='lat' dir='ltr'><strong>magnae</strong></span> 
     </span>
     <span class='ocr_line' id='line_1_25' title="bbox 100 2375 873 2465; baseline 0 -21"><span class='ocrx_word' id='word_1_143' title='bbox 100 2379 223 2444; x_wconf 87' lang='lat' dir='ltr'><strong>Indolis</strong></span> <span class='ocrx_word' id='word_1_144' title='bbox 247 2398 397 2465; x_wconf 87' lang='lat' dir='ltr'><strong>agnosco.</strong></span> <span class='ocrx_word' id='word_1_145' title='bbox 442 2376 560 2440; x_wconf 82' lang='lat' dir='ltr'><strong>Fertur</strong></span> <span class='ocrx_word' id='word_1_146' title='bbox 581 2375 744 2464; x_wconf 77' lang='lat' dir='ltr'><strong>PellaeuS,</strong></span> <span class='ocrx_word' id='word_1_147' title='bbox 765 2378 873 2444; x_wconf 82' lang='lat' dir='ltr'><strong>Eoum</strong></span> 
     </span>
     <span class='ocr_line' id='line_1_26' title="bbox 102 2465 1120 2553; baseline 0.003 -21"><span class='ocrx_word' id='word_1_148' title='bbox 102 2467 163 2544; x_wconf 81' lang='lat' dir='ltr'><strong>Qui</strong></span> <span class='ocrx_word' id='word_1_149' title='bbox 188 2466 312 2530; x_wconf 88' lang='lat' dir='ltr'><strong>domuit</strong></span> <span class='ocrx_word' id='word_1_150' title='bbox 334 2465 469 2550; x_wconf 89' lang='lat' dir='ltr'><strong>Porum,</strong></span> <span class='ocrx_word' id='word_1_151' title='bbox 493 2486 565 2529; x_wconf 90' lang='lat' dir='ltr'><strong>cum</strong></span> <span class='ocrx_word' id='word_1_152' title='bbox 588 2487 743 2551; x_wconf 88' lang='lat' dir='ltr'><strong>prospera</strong></span> <span class='ocrx_word' id='word_1_153' title='bbox 767 2489 861 2553; x_wconf 89' lang='lat' dir='ltr'><strong>saepe</strong></span> <span class='ocrx_word' id='word_1_154' title='bbox 883 2467 1028 2552; x_wconf 91' lang='lat' dir='ltr'><strong>Philippi</strong></span> <span class='ocrx_word' id='word_1_155' title='bbox 1066 2486 1120 2536; x_wconf 78' lang='lat'><strong>375</strong></span> 
     </span>
     <span class='ocr_line' id='line_1_27' title="bbox 98 2554 781 2640; baseline -0.001 -19"><span class='ocrx_word' id='word_1_156' title='bbox 98 2555 249 2640; x_wconf 89' lang='lat' dir='ltr'><strong>Audiret,</strong></span> <span class='ocrx_word' id='word_1_157' title='bbox 272 2555 376 2620; x_wconf 86' lang='lat' dir='ltr'><strong>laetos</strong></span> <span class='ocrx_word' id='word_1_158' title='bbox 398 2554 484 2618; x_wconf 91' lang='lat' dir='ltr'><strong>inter</strong></span> <span class='ocrx_word' id='word_1_159' title='bbox 505 2555 632 2620; x_wconf 83' lang='lat' dir='ltr'><strong>flevisse</strong></span> <span class='ocrx_word' id='word_1_160' title='bbox 656 2556 781 2621; x_wconf 89' lang='lat' dir='ltr'><strong>sodales</strong></span> 
     </span>
     <span class='ocr_line' id='line_1_28' title="bbox 99 2642 897 2729; baseline 0 -19"><span class='ocrx_word' id='word_1_161' title='bbox 99 2643 158 2710; x_wconf 90' lang='lat' dir='ltr'><strong>Nil</strong></span> <span class='ocrx_word' id='word_1_162' title='bbox 182 2644 245 2708; x_wconf 91' lang='lat' dir='ltr'><strong>sibi</strong></span> <span class='ocrx_word' id='word_1_163' title='bbox 267 2642 458 2710; x_wconf 75' lang='lat' dir='ltr'><strong>vincendum</strong></span> <span class='ocrx_word' id='word_1_164' title='bbox 480 2644 583 2727; x_wconf 87' lang='lat' dir='ltr'><strong>patris</strong></span> <span class='ocrx_word' id='word_1_165' title='bbox 606 2643 727 2708; x_wconf 80' lang='lat' dir='ltr'><strong>virtute</strong></span> <span class='ocrx_word' id='word_1_166' title='bbox 750 2644 897 2729; x_wconf 89' lang='lat' dir='ltr'><strong>relinqui.</strong></span> 
     </span>
     <span class='ocr_line' id='line_1_29' title="bbox 100 2731 937 2818; baseline 0.002 -21"><span class='ocrx_word' id='word_1_167' title='bbox 100 2733 171 2798; x_wconf 86' lang='lat' dir='ltr'><strong>Hos</strong></span> <span class='ocrx_word' id='word_1_168' title='bbox 194 2733 287 2798; x_wconf 86' lang='lat' dir='ltr'><strong>video</strong></span> <span class='ocrx_word' id='word_1_169' title='bbox 310 2736 427 2797; x_wconf 87' lang='lat' dir='ltr'><strong>motus.</strong></span> <span class='ocrx_word' id='word_1_170' title='bbox 473 2731 536 2796; x_wconf 88' lang='lat' dir='ltr'><strong>Fas</strong></span> <span class='ocrx_word' id='word_1_171' title='bbox 561 2733 603 2797; x_wconf 91' lang='lat' dir='ltr'><strong>sit</strong></span> <span class='ocrx_word' id='word_1_172' title='bbox 626 2733 815 2817; x_wconf 85' lang='lat' dir='ltr'><strong>promittere</strong></span> <span class='ocrx_word' id='word_1_173' title='bbox 838 2735 937 2818; x_wconf 88' lang='lat' dir='ltr'><strong>patri:</strong></span> 
     </span>
     <span class='ocr_line' id='line_1_30' title="bbox 100 2819 956 2910; baseline 0 -23"><span class='ocrx_word' id='word_1_174' title='bbox 100 2822 225 2887; x_wconf 80' lang='lat' dir='ltr'><strong>Tantus</strong></span> <span class='ocrx_word' id='word_1_175' title='bbox 249 2821 320 2887; x_wconf 89' lang='lat' dir='ltr'><strong>eris.</strong></span> <span class='ocrx_word' id='word_1_176' title='bbox 365 2819 489 2887; x_wconf 85' lang='lat' dir='ltr'><strong>Nostro</strong></span> <span class='ocrx_word' id='word_1_177' title='bbox 512 2843 572 2887; x_wconf 92' lang='lat' dir='ltr'><strong>nec</strong></span> <span class='ocrx_word' id='word_1_178' title='bbox 595 2822 691 2887; x_wconf 88' lang='lat' dir='ltr'><strong>debes</strong></span> <span class='ocrx_word' id='word_1_179' title='bbox 714 2845 814 2910; x_wconf 84' lang='lat' dir='ltr'><strong>regna</strong></span> <span class='ocrx_word' id='word_1_180' title='bbox 836 2823 956 2910; x_wconf 81' lang='lat' dir='ltr'><strong>favori,</strong></span> 
     </span>
     <span class='ocr_line' id='line_1_31' title="bbox 101 2909 1119 2989; baseline 0.006 -12"><span class='ocrx_word' id='word_1_181' title='bbox 101 2911 189 2989; x_wconf 83' lang='lat' dir='ltr'><strong>Quae</strong></span> <span class='ocrx_word' id='word_1_182' title='bbox 212 2911 274 2975; x_wconf 88' lang='lat' dir='ltr'><strong>tibi</strong></span> <span class='ocrx_word' id='word_1_183' title='bbox 296 2911 362 2976; x_wconf 91' lang='lat' dir='ltr'><strong>iam</strong></span> <span class='ocrx_word' id='word_1_184' title='bbox 384 2915 501 2975; x_wconf 88' lang='lat' dir='ltr'><strong>natura</strong></span> <span class='ocrx_word' id='word_1_185' title='bbox 525 2910 619 2977; x_wconf 90' lang='lat' dir='ltr'><strong>dedit.</strong></span> <span class='ocrx_word' id='word_1_186' title='bbox 667 2909 720 2976; x_wconf 84' lang='lat' dir='ltr'><strong>Sic</strong></span> <span class='ocrx_word' id='word_1_187' title='bbox 742 2911 897 2977; x_wconf 90' lang='lat' dir='ltr'><strong>mollibus</strong></span> <span class='ocrx_word' id='word_1_188' title='bbox 921 2913 1000 2978; x_wconf 91' lang='lat' dir='ltr'><strong>olim</strong></span> <span class='ocrx_word' id='word_1_189' title='bbox 1064 2932 1119 2983; x_wconf 81' lang='lat'><strong>380</strong></span> 
     </span>
     <span class='ocr_line' id='line_1_32' title="bbox 100 2999 866 3088; baseline 0 -23"><span class='ocrx_word' id='word_1_190' title='bbox 100 3000 244 3065; x_wconf 85' lang='lat' dir='ltr'><strong>Stridula</strong></span> <span class='ocrx_word' id='word_1_191' title='bbox 268 3000 439 3066; x_wconf 90' lang='lat' dir='ltr'><strong>ducturum</strong></span> <span class='ocrx_word' id='word_1_192' title='bbox 461 2999 565 3084; x_wconf 89' lang='lat' dir='ltr'><strong>pratis</strong></span> <span class='ocrx_word' id='word_1_193' title='bbox 588 3001 735 3066; x_wconf 89' lang='lat' dir='ltr'><strong>examina</strong></span> <span class='ocrx_word' id='word_1_194' title='bbox 757 3023 866 3088; x_wconf 87' lang='lat' dir='ltr'><strong>regem</strong></span> 
     </span>
     <span class='ocr_line' id='line_1_33' title="bbox 98 3088 946 3174; baseline 0.001 -19"><span class='ocrx_word' id='word_1_195' title='bbox 98 3088 294 3156; x_wconf 88' lang='lat' dir='ltr'><strong>Nascentem</strong></span> <span class='ocrx_word' id='word_1_196' title='bbox 316 3093 511 3154; x_wconf 80' lang='lat' dir='ltr'><strong>venerantur</strong></span> <span class='ocrx_word' id='word_1_197' title='bbox 533 3111 609 3173; x_wconf 88' lang='lat' dir='ltr'><strong>apes</strong></span> <span class='ocrx_word' id='word_1_198' title='bbox 633 3095 665 3154; x_wconf 88' lang='lat' dir='ltr'><strong>et</strong></span> <span class='ocrx_word' id='word_1_199' title='bbox 687 3090 817 3174; x_wconf 88' lang='lat' dir='ltr'><strong>publica</strong></span> <span class='ocrx_word' id='word_1_200' title='bbox 839 3091 946 3156; x_wconf 89' lang='lat' dir='ltr'><strong>mellis</strong></span> 
     </span>
     <span class='ocr_line' id='line_1_34' title="bbox 98 3177 1013 3266; baseline 0.003 -22"><span class='ocrx_word' id='word_1_201' title='bbox 98 3177 175 3244; x_wconf 90' lang='lat' dir='ltr'><strong>Iura</strong></span> <span class='ocrx_word' id='word_1_202' title='bbox 197 3183 313 3263; x_wconf 84' lang='lat' dir='ltr'><strong>petunt</strong></span> <span class='ocrx_word' id='word_1_203' title='bbox 335 3177 532 3260; x_wconf 84' lang='lat' dir='ltr'><strong>traduntque</strong></span> <span class='ocrx_word' id='word_1_204' title='bbox 554 3179 660 3265; x_wconf 78' lang='lat' dir='ltr'><strong>fav0s3</strong></span> <span class='ocrx_word' id='word_1_205' title='bbox 684 3179 730 3243; x_wconf 89' lang='lat' dir='ltr'><strong>sic</strong></span> <span class='ocrx_word' id='word_1_206' title='bbox 751 3202 871 3263; x_wconf 88' lang='lat' dir='ltr'><strong>pascua</strong></span> <span class='ocrx_word' id='word_1_207' title='bbox 893 3203 1013 3266; x_wconf 86' lang='lat' dir='ltr'><strong>parvus</strong></span> 
     </span>
     <span class='ocr_line' id='line_1_35' title="bbox 98 3266 928 3335; baseline 0.001 -1"><span class='ocrx_word' id='word_1_208' title='bbox 98 3267 251 3334; x_wconf 85' lang='lat' dir='ltr'><strong>Vindicat</strong></span> <span class='ocrx_word' id='word_1_209' title='bbox 274 3273 306 3332; x_wconf 87' lang='lat' dir='ltr'><strong>et</strong></span> <span class='ocrx_word' id='word_1_210' title='bbox 328 3266 465 3332; x_wconf 86' lang='lat' dir='ltr'><strong>necdum</strong></span> <span class='ocrx_word' id='word_1_211' title='bbox 488 3268 625 3334; x_wconf 88' lang='lat' dir='ltr'><strong>firmatis</strong></span> <span class='ocrx_word' id='word_1_212' title='bbox 649 3268 800 3333; x_wconf 87' lang='lat' dir='ltr'><strong>cornibus</strong></span> <span class='ocrx_word' id='word_1_213' title='bbox 823 3270 928 3335; x_wconf 88' lang='lat' dir='ltr'><strong>audax</strong></span> 
     </span>
     <span class='ocr_line' id='line_1_36' title="bbox 98 3356 1118 3445; baseline 0.004 -22"><span class='ocrx_word' id='word_1_214' title='bbox 98 3357 168 3425; x_wconf 87' lang='lat' dir='ltr'><strong>Iam</strong></span> <span class='ocrx_word' id='word_1_215' title='bbox 191 3357 276 3445; x_wconf 87' lang='lat' dir='ltr'><strong>regit</strong></span> <span class='ocrx_word' id='word_1_216' title='bbox 299 3359 481 3423; x_wconf 87' lang='lat' dir='ltr'><strong>armentum</strong></span> <span class='ocrx_word' id='word_1_217' title='bbox 503 3356 634 3422; x_wconf 80' lang='lat' dir='ltr'><strong>vitulus.</strong></span> <span class='ocrx_word' id='word_1_218' title='bbox 681 3356 744 3421; x_wconf 85' lang='lat' dir='ltr'><strong>Sed</strong></span> <span class='ocrx_word' id='word_1_219' title='bbox 765 3358 889 3441; x_wconf 87' lang='lat' dir='ltr'><strong>proelia</strong></span> <span class='ocrx_word' id='word_1_220' title='bbox 912 3359 1005 3424; x_wconf 85' lang='lat' dir='ltr'><strong>differ</strong></span> <span class='ocrx_word' id='word_1_221' title='bbox 1064 3376 1118 3428; x_wconf 83' lang='grc'><strong>555</strong></span> 
     </span>
     <span class='ocr_line' id='line_1_37' title="bbox 98 3443 986 3530; baseline 0.001 -18"><span class='ocrx_word' id='word_1_222' title='bbox 98 3443 138 3513; x_wconf 90' lang='lat' dir='ltr'><strong>In</strong></span> <span class='ocrx_word' id='word_1_223' title='bbox 161 3447 309 3513; x_wconf 85' lang='lat' dir='ltr'><strong>iuvenem</strong></span> <span class='ocrx_word' id='word_1_224' title='bbox 331 3444 523 3530; x_wconf 87' lang='lat' dir='ltr'><strong>patiensque</strong></span> <span class='ocrx_word' id='word_1_225' title='bbox 545 3468 653 3511; x_wconf 91' lang='lat' dir='ltr'><strong>meum</strong></span> <span class='ocrx_word' id='word_1_226' title='bbox 677 3467 749 3510; x_wconf 91' lang='lat' dir='ltr'><strong>cum</strong></span> <span class='ocrx_word' id='word_1_227' title='bbox 772 3446 873 3510; x_wconf 87' lang='lat' dir='ltr'><strong>fratre</strong></span> <span class='ocrx_word' id='word_1_228' title='bbox 895 3451 986 3513; x_wconf 84' lang='lat' dir='ltr'><strong>tuere</strong></span> 
     </span>
     <span class='ocr_line' id='line_1_38' title="bbox 91 3533 936 3622; baseline 0.002 -23"><span class='ocrx_word' id='word_1_229' title='bbox 91 3536 151 3600; x_wconf 86' lang='lat' dir='ltr'><strong>Me</strong></span> <span class='ocrx_word' id='word_1_230' title='bbox 175 3536 318 3602; x_wconf 85' lang='lat' dir='ltr'><strong>bellante</strong></span> <span class='ocrx_word' id='word_1_231' title='bbox 340 3535 457 3600; x_wconf 90' lang='lat' dir='ltr'><strong>locum.</strong></span> <span class='ocrx_word' id='word_1_232' title='bbox 503 3533 572 3598; x_wconf 90' lang='lat' dir='ltr'><strong>Vos</strong></span> <span class='ocrx_word' id='word_1_233' title='bbox 595 3534 774 3619; x_wconf 86' lang='lat' dir='ltr'><strong>impacatus</strong></span> <span class='ocrx_word' id='word_1_234' title='bbox 797 3534 936 3622; x_wconf 83' lang='lat' dir='ltr'><strong>Araxes,</strong></span> 
     </span>
    </p>
   </div>
   <div class='ocr_carea' id='block_1_4' title="bbox 0 0 1224 3832">
    <p class='ocr_par' dir='ltr' id='par_1_5' title="bbox 0 0 1224 3832">
     <span class='ocr_line' id='line_1_39' title="bbox 0 0 1224 3832; baseline 0 1"><span class='ocrx_word' id='word_1_235' title='bbox 0 0 1224 3832; x_wconf 95' lang='lat' dir='ltr'><strong> </strong></span> 
     </span>
    </p>
   </div>
  </div>
 </body>
</html>
