2438 3832
112 137 208 208 (VIII.)
222 137 406 194 PANEGYR.
422 139 470 193 DE
487 138 635 206 QVARTO
651 138 865 196 CONSVLATV
880 141 1043 198 HONORII.
1065 143 1129 207 115

110 299 226 365 Adfuit
250 301 420 366 ominibus
458 302 614 367 Tenebris
637 303 817 367 involverat
840 307 910 368 atra

108 390 234 454 Lumen
256 389 359 455 hiems
384 390 563 475 densosque
586 391 695 457 Notus
719 392 894 478 eollegerat
917 393 1045 458 imbres.

110 478 173 543 Sed
194 501 284 566 mox,
308 501 381 544 cum
404 480 500 544 solita
523 480 617 545 miles
640 485 673 544 te
695 502 773 545 voce
796 481 948 567 levasset,

107 567 231 634 Nubila
255 568 404 633 dissolvit
426 569 579 633 Phoebus
602 569 786 653 pariterque
811 569 970 634 dabantur
1076 587 1126 636 175

109 656 241 743 Sceptra
264 657 327 721 tibi
349 657 533 741 mundoque
557 657 636 722 dies:
661 658 798 744 caligine
821 658 904 723 liber

108 745 297 830 Bosphorus
322 746 487 811 adversam
510 747 634 831 patitur
659 746 861 811 Calchedona
884 748 978 812 cerni.

107 833 176 899 Nec
199 839 327 899 tantum
349 836 454 900 vicina
476 836 596 922 nitent,
620 836 676 899 sed
698 841 769 901 tota
791 836 930 920 repulsis

106 923 259 989 Nubibus
283 925 411 988 exuitur
434 924 570 1011 Thrace,
592 925 742 1011 Pangaea
765 925 912 990 renident

107 1011 321 1096 Insuetosque
343 1014 437 1099 palus
461 1014 568 1078 radios
592 1013 733 1079 Maeotia
756 1015 872 1079 vibrat.
1073 1033 1126 1082 180

106 1100 176 1166 Nec
199 1101 320 1166 Boreas
342 1103 472 1166 nimbos
495 1108 552 1166 aut
576 1103 626 1167 sol
649 1103 813 1167 ardentior
836 1102 918 1189 egit:

106 1188 238 1274 Imperii
261 1190 318 1254 lux
341 1191 397 1255 illa
420 1192 499 1278 luit,
522 1214 698 1278 praesagus
722 1192 835 1256 obibat

109 1278 231 1343 Cuncta
254 1280 342 1344 nitor
364 1280 500 1364 risitque
523 1284 581 1344 tuo
603 1285 720 1345 natura
744 1302 865 1345 serene.

106 1367 186 1431 Visa
210 1368 307 1432 etiam
330 1368 435 1432 medio
458 1369 588 1454 populis
611 1369 806 1434 mirantibus
830 1368 934 1433 audax

107 1456 207 1521 Stella
231 1457 294 1544 die,
319 1457 494 1521 dubitanda
516 1458 599 1522 nihil
621 1481 680 1523 nec
704 1459 790 1523 crine
813 1462 923 1523 retuso
1073 1477 1124 1526 185

104 1546 286 1632 Languida,
310 1546 366 1610 sed
389 1551 530 1630 quantus
552 1551 741 1612 numeratur
762 1551 858 1612 noete
881 1547 1015 1635 Bootes,

104 1635 312 1719 Emicuitque
334 1635 441 1721 plagis
465 1635 562 1700 alieni
585 1637 740 1720 temporis
763 1637 883 1720 hospes

103 1723 194 1810 Ignis
219 1729 251 1788 et
275 1724 408 1811 agnosci
430 1725 551 1811 potuit,
575 1747 648 1789 cum
670 1725 747 1789 luna
770 1724 899 1789 lateret:

106 1812 180 1877 Sive
202 1835 319 1897 parens
341 1813 493 1900 Augusta
515 1814 593 1901 fuit,
617 1836 673 1878 seu
695 1814 780 1878 forte
803 1813 922 1878 reluxit

103 1901 179 1966 Divi
203 1902 292 1966 sidus
316 1904 381 1989 avi,
405 1925 461 1967 seu
484 1907 517 1966 te
539 1902 789 1987 properantibus
812 1901 922 1966 Arctis
1071 1920 1122 1970 190

105 1990 240 2055 Cernere
266 1993 315 2055 sol
338 1991 465 2076 patiens
489 1993 612 2055 caelum
636 2013 804 2055 commune
827 1990 959 2055 remisit.

102 2079 247 2163 Adparet
271 2080 348 2164 quid
372 2080 465 2166 signa
489 2080 603 2144 ferant.
649 2079 796 2143 Ventura
818 2082 964 2164 potestas

104 2167 228 2232 Claruit
251 2166 406 2254 Ascani0,
430 2169 537 2232 subita
561 2191 633 2232 cum
656 2168 728 2232 luce
752 2189 916 2232 comarum

101 2255 265 2320 lnnocuus
288 2258 441 2343 flagraret
464 2280 545 2341 apex
567 2257 776 2345 Phrygioque
799 2256 930 2321 volutus

101 2344 231 2410 Vertice
254 2346 364 2410 fatalis
387 2346 551 2410 redimiret
574 2350 721 2431 tempora
744 2345 870 2410 candor.
1068 2362 1119 2412 195

101 2434 147 2497 At
169 2438 226 2498 tua
250 2435 403 2499 caelestes
426 2435 603 2499 inlustrant
627 2436 735 2499 omina
757 2436 913 2499 flammae.

101 2522 190 2586 Talis
213 2523 253 2586 ab
277 2522 381 2587 Idaeis
404 2524 588 2608 primaevus
611 2523 758 2609 Iuppiter
781 2524 883 2589 antris

100 2611 249 2676 Possessi
273 2613 365 2676 stetit
389 2635 460 2677 arce
483 2613 551 2697 poli
574 2612 778 2697 famulosque
801 2611 922 2697 recepit

99 2699 227 2765 Natura
249 2700 397 2765 tradente
421 2702 510 2788 deos,
533 2702 687 2787 lanugine
709 2701 853 2765 nondum

99 2788 289 2854 Vernabant
311 2790 422 2855 uultus
444 2812 504 2854 nec
527 2790 632 2854 adhuc
653 2812 711 2874 per
734 2791 817 2853 oolla
840 2788 985 2853 fluebant
1066 2805 1118 2855 200

100 2876 249 2942 Moturae
273 2900 415 2943 convexa
438 2901 562 2964 comae,
585 2882 655 2942 tum
679 2877 823 2942 scindere
844 2877 948 2941 nubes

99 2966 254 3030 Discebat
276 2967 463 3052 fulmenque
485 2967 558 3031 rudi
581 2971 732 3051 torquere
755 2967 885 3030 lacerto.

166 3057 297 3120 Laetior
321 3057 456 3143 augurio
481 3055 609 3142 genitor
631 3055 783 3138 natisque
807 3054 965 3139 superbus

98 3142 168 3208 lam
190 3145 324 3229 paribus
348 3145 468 3230 duplici
491 3144 595 3209 fultus
619 3147 768 3209 consorte
791 3143 917 3208 redibat

100 3232 359 3317 Splendebatque
381 3235 436 3318 pio
461 3233 646 3318 complexus
669 3232 807 3320 pignora
830 3255 935 3300 curru.
1065 3249 1115 3300 205

98 3321 195 3385 Haud
218 3323 312 3387 aliter
336 3345 461 3387 summo
485 3322 605 3409 gemini
629 3344 702 3387 cum
724 3327 816 3407 patre
837 3322 996 3407 Lacones,

170 3519 221 3569 190
240 3515 346 3587 Arctis]
367 3533 430 3587 e905
449 3515 542 3572 astris.

887 3604 928 3658 vs
