2438 3832
214 126 335 196 (XVIII.)
355 126 394 180 IN
413 126 631 181 EVTROPIVM
649 127 758 180 LIBER
775 126 920 182 PRIMVS.
1030 129 1073 193 65

57 288 197 372 Imperii.
244 288 367 352 Teucro
390 289 523 352 tractari
546 293 674 373 pectore
696 289 800 353 nescit

57 378 192 443 Publica
220 378 379 442 maiestas.
425 377 612 460 Numquam
634 378 686 442 vel
713 378 748 442 in
775 399 912 461 aequore
940 380 1075 463 puppim
1180 456 1182 460 Ι

57 466 206 531 Vidimus
230 466 369 530 eunuchi
392 466 483 531 clavo
506 488 617 550 parere
640 466 796 552 magistri.
1021 486 1073 533 425

58 555 129 620 Nos
152 554 230 618 adeo
255 555 363 638 sperni
386 555 519 637 faciles?
543 555 694 638 orbisque
718 556 825 620 carina

58 643 187 707 Vilior?
218 640 379 707 Auroram
403 665 492 728 sane,
515 665 597 729 quae
620 645 698 708 talia
721 644 804 708 ferre

61 732 199 818 Gaudet,
223 736 255 796 et
278 732 427 796 adsuetas
452 733 586 816 sceptris
609 733 822 797 muliebribus
845 734 942 797 urbes

60 821 264 906 Possideant3
288 821 365 904 quid
388 820 568 885 belliferam
591 821 814 886 communibus
837 826 936 886 urunt

60 909 190 974 ltaliam
213 910 348 973 maculis
370 910 581 993 nocituraque
604 911 723 994 probra
745 910 863 975 severis
1024 929 1077 976 430

62 998 261 1063 Ammiscent
284 999 436 1082 populis?
472 998 654 1084 Peregrina
676 999 803 1083 piacula
826 1000 904 1064 forti

62 1088 230 1151 Pellantur
252 1087 349 1173 longe
371 1087 465 1151 Latio
488 1110 547 1151 nec
570 1092 713 1152 transeat
736 1084 859 1171 Alpes

63 1176 222 1261 Dedecus,
245 1176 279 1238 in
303 1175 395 1260 solis,
419 1175 544 1258 quibus
560 1176 681 1261 extitit,
704 1177 834 1240 haereat
858 1175 951 1239 arvis.

64 1264 192 1328 Scribat
214 1263 331 1350 Halys,
355 1265 475 1328 scribat
499 1265 602 1329 famae
626 1268 829 1348 contemptor
852 1263 1003 1329 Orontes:

63 1353 126 1417 Per
148 1357 181 1416 te
203 1375 322 1436 perque
345 1358 420 1417 tuos
444 1355 591 1428 obtestor
612 1354 716 1418 Roma
739 1353 936 1438 triumphos,
1026 1370 1078 1418 435
1180 1349 1183 1356 ’

64 1441 197 1505 Nesciat
219 1441 281 1505 hoc
304 1442 458 1526 Thybris,
482 1465 658 1526 numquam
680 1443 889 1526 poscentibus
913 1441 992 1506 olim

65 1530 128 1607 *Qui
152 1530 225 1594 dare
247 1530 398 1594 Dentatis
422 1552 523 1594 annos
546 1531 718 1614 Fabiisque
742 1531 876 1595 solebat.

66 1618 203 1682 Martius
227 1618 364 1682 eunuchi
387 1623 511 1703 repetet
534 1619 687 1705 suffragia
710 1620 864 1702 campus?

67 1707 223 1770 Aemilios
246 1707 331 1771 inter
354 1711 596 1791 servatoresque
620 1707 774 1772 Camillos
852 1725 856 1734 ·

66 1795 268 1879 Eutropius?
304 1794 373 1860 lam
393 1794 614 1882 Chrysogonis
632 1801 697 1881 tua,
720 1796 829 1873 Brute,
852 1801 999 1881 potestas
1030 1813 1082 1862 440

67 1884 292 1967 Narcissisque
316 1885 434 1948 datur?
478 1884 584 1950 Natos
607 1884 669 1949 hoc
692 1885 805 1950 dedere
827 1908 950 1969 poenae

68 1973 196 2037 Profuit
220 1977 251 2036 et
274 1974 391 2036 misero
416 1974 517 2037 civem
540 1995 735 2057 praeponere
757 1974 865 2058 patri?
961 1975 965 1980 ’

69 2059 141 2125 Ηο0
163 2061 243 2124 mihi
266 2060 410 2126 laniculo
433 2062 550 2145 positis
573 2061 706 2126 Etruria
729 2063 843 2127 castris

70 2150 214 2226 Quaesiit
237 2154 269 2213 et
292 2151 541 2215 tantum-fluvio
564 2150 729 2215 Porsenna
752 2152 918 2215 remotus?

70 2239 142 2302 Hoc
165 2239 282 2301 meruit
304 2239 356 2302 rel
378 2243 477 2322 ponte
502 2238 614 2304 Cocles
637 2240 688 2304 vel
711 2238 837 2305 Mucius
859 2239 957 2325 igne?
1033 2255 1085 2304 445

69 2314 257 2391 Visceribus
280 2327 401 2395 frustra
425 2332 549 2393 castum
570 2327 720 2392 Lucretia
742 2328 869 2392 ferrum·

71 2415 185 2480 Mersit
208 2419 240 2479 et
263 2416 439 2481 attonitum
462 2417 603 2486 tranavit
627 2416 749 2482 Cloelia
771 2416 953 2502 Thybrim?
973 2459 977 2465 -

71 2504 231 2586 Eutropio
255 2505 358 2569 fasces
382 2505 633 2570 adservabantur
655 2505 796 2590 adempti
861 2533 866 2541 ·

72 2593 279 2675 Tarquiniis?
325 2593 563 2678 Quemcumque
585 2615 674 2658 meae
697 2616 810 2659 vexere
834 2596 974 2682 curules,

36 2691 38 2694 ‘
72 2681 196 2745 Laxato
220 2682 328 2745 veniat
352 2683 474 2748 socium
498 2687 663 2748 aversatus
686 2680 824 2748 Averno.
1034 2699 1090 2751 400

73 2769 216 2853 Impensi
240 2772 338 2834 sacris
361 2771 452 2835 Decii
474 2772 675 2855 prorumpite
697 2772 803 2836 bustis

73 2858 294 2942 Torquatique
317 2864 424 2924 truces
447 2861 654 2944 animosaque
676 2860 826 2944 pauperis
849 2862 964 2925 umbra

74 2947 215 3011 Fabricii
237 2952 337 3031 tuque
362 2971 392 3035 o,
416 2949 443 3012 si
467 2950 550 3013 forte
572 2949 698 3013 inferna
720 2949 849 3032 piorum

75 3034 192 3121 Iugera
216 3040 247 3100 et
269 3037 400 3120 Elysias
424 3038 555 3123 scindis,
578 3036 727 3122 Serrana,
748 3038 889 3103 novales.
991 3081 994 3086 -

75 3125 185 3189 Poeno
209 3123 388 3212 Scipiadae,
410 3126 519 3196 Poeno
542 3125 704 3211 praeclare
724 3127 849 3209 Lutati,
1039 3147 1093 3196 455

76 3212 204 3278 Sicania
226 3214 377 3280 Marcelle
400 3216 504 3301 ferox,
527 3237 606 3302 gens
630 3215 763 3280 Claudia
786 3239 899 3302 surgas

77 3302 122 3367 Et
147 3303 235 3367 Curii
257 3308 394 3390 veteres,
418 3309 462 3391 et,
486 3305 542 3388 qui
565 3305 625 3368 sub
648 3305 717 3369 iure
739 3306 867 3392 negasti

150 3501 203 3550 456
222 3481 332 3568 surgas]
352 3499 478 3568 Bistua
496 3501 603 3570 surgat.

134 3596 272 3637 Onarnraur
285 3596 352 3651 01³2,
367 3600 401 3640 cd.
415 3600 438 3640 K
445 3601 504 3644 coh.
855 3660 864 3675 ·
889 3594 913 3643 b
