2438 3832
95 126 195 197 (VIII.)
208 123 390 180 PANEGYR.
403 124 451 177 DE
468 123 615 192 QVARTO
631 124 848 180 CONSVLATV
861 124 1026 183 HONORII.
1047 125 1115 191 125

98 287 153 354 Sic
174 287 390 373 Amphioniae
413 287 547 371 pulcher
570 288 686 352 sudore
709 288 888 372 palaestrae

96 377 228 442 Alcides
251 378 420 461 pharetras
444 376 642 461 Dircaeaque
665 376 731 442 tela
754 377 880 442 solebat

98 468 340 551 Praetemptare
362 466 440 530 feris
464 466 542 530 olim
566 465 727 531 domitura
751 464 907 553 Gigantes

100 555 146 620 Et
168 577 280 639 pacem
303 555 410 619 latura
433 555 525 640 polo,
547 577 736 639 semperque
760 560 911 621 cruentus
1065 570 1118 621 5³5

99 642 174 709 Ibat
197 649 229 709 et
251 643 426 709 Alcmenae
448 644 600 728 praedam
622 644 782 709 referebat
806 646 929 731 ovanti3

102 733 276 797 Caeruleus
298 733 357 798 tali
380 737 564 817 prostratus
586 732 740 819 Apolline
762 732 895 817 Python

101 821 266 907 Implicuit
289 822 402 887 fractis
425 823 583 887 moritura
606 822 771 887 volumina
795 822 894 888 silvis.

170 910 251 976 (lum
273 912 412 976 vectaris
436 934 518 995 equo
543 912 777 996 simulacraque
799 911 918 977 Martia
940 911 1040 998 ludis,

103 1000 183 1078 Quis
206 999 315 1064 mollis
340 1001 468 1065 sinuare
491 1001 600 1087 fugae,
623 1002 696 1085 quis
719 1001 849 1066 tendere
873 1004 1005 1066 contum
1068 1015 1120 1066 540

101 1089 219 1154 Acrior
242 1094 299 1153 aut
322 1089 449 1155 subitos
472 1090 587 1155 melior
609 1090 737 1154 flexisse
760 1090 931 1155 recursus?

102 1178 180 1244 Non
202 1182 234 1242 te
256 1177 473 1265 Massagetae,
495 1200 563 1243 non
585 1201 665 1265 gens
688 1179 827 1243 exercita
851 1200 963 1262 campo

104 1266 273 1353 Thessala,
295 1288 363 1332 non
384 1268 448 1351 ipsi
471 1271 625 1351 potenmt
647 1287 785 1350 aequare
807 1267 1017 1352 bimembres,

103 1357 170 1420 Vix
194 1356 327 1420 comites
352 1356 435 1442 alae,
458 1357 512 1421 vix
535 1361 567 1420 te
591 1377 748 1440 suspensa
772 1359 951 1439 sequuntur

103 1445 246 1532 Agmina
268 1445 493 1528 ferventesque
515 1449 642 1510 tument
664 1449 740 1529 post
762 1448 855 1532 terga
878 1445 1041 1509 dracones.
1069 1457 1122 1508 545

104 1534 215 1618 thue
237 1535 304 1598 tuis
326 1534 468 1618 primum
491 1535 620 1619 sonipes
644 1534 823 1599 calcaribus
846 1533 940 1620 arsit,

104 1622 280 1710 ignescunt
303 1623 434 1707 patulae
455 1645 563 1709 nares,
585 1645 653 1688 non
676 1624 774 1688 sentit
796 1623 934 1688 harenas

104 1713 237 1799 Vngula
260 1712 486 1796 discussaeque
508 1712 603 1777 iubae
627 1716 825 1798 sparguntur
847 1713 882 1777 in
905 1732 1026 1795 armos3

106 1801 293 1866 Turbantur
315 1800 480 1887 phalerae,
504 1803 667 1885 spumosis
689 1802 852 1867 morsibus
876 1823 991 1865 aurum

105 1889 238 1975 Fumat,
261 1890 449 1955 anhelantes
472 1891 635 1955 exundant
659 1891 816 1977 sanguine
838 1909 991 1976 gemmae.
1071 1900 1124 1952 550

106 1978 181 2063 Ipse
203 1978 296 2043 labor
318 1978 490 2063 pulvisque
515 1980 604 2044 decet
627 1980 825 2063 confusaque
847 1982 939 2044 motu

109 2068 289 2153 Caesaries3
312 2069 413 2132 vestis
436 2068 560 2133 radiato
584 2069 704 2133 murice
728 2068 830 2132 solem

110 2156 289 2241 Combibit,
312 2156 440 2243 ingesto
465 2158 626 2242 crispatur
648 2178 792 2242 purpura
814 2160 920 2222 vento.

108 2245 145 2312 Si
169 2245 317 2309 dominus
340 2246 503 2332 legeretur
526 2246 631 2333 equis,
653 2251 711 2310 tua
733 2248 882 2330 posceret
903 2244 991 2310 ultro

108 2334 252 2398 Verbera
274 2333 450 2399 Nereidum
474 2335 612 2400 stabulis
634 2335 778 2400 nutritus
801 2332 905 2399 Arion
1073 2347 1125 2399 555

109 2421 316 2507 Serviretque
338 2424 404 2488 tuis
428 2429 613 2509 contempto
639 2423 772 2490 Castore
794 2424 894 2488 frenis

110 2512 260 2596 Cyllarus
283 2517 316 2577 et
339 2513 458 2578 flavum
480 2513 631 2578 Xanthus
655 2514 829 2597 sprevisset
850 2510 1021 2578 Achillem.

108 2600 184 2685 Ipse
206 2601 269 2665 tibi
291 2601 429 2666 famulas
451 2603 620 2687 praeberet
641 2602 786 2690 Pegasus
809 2602 879 2667 alas

108 2690 324 2773 Portaretque
346 2691 451 2756 libens
474 2692 671 2775 melioraque
693 2690 836 2775 pondera
858 2712 974 2775 passus

108 2779 398 2863 Bellerophonteas
420 2780 644 2867 indignaretur
664 2779 816 2845 habenas.
1076 2793 1129 2843 560

111 2867 199 2943 Quin
221 2868 318 2932 etiarn
341 2868 435 2932 velox
457 2866 604 2933 Aurorae
626 2869 761 2934 nuntius
783 2865 928 2953 Aethon,

112 2955 176 3031 Qui
198 2956 293 3043 fugat
315 2957 445 3021 hinnitu
469 2956 580 3021 stellas
603 2977 761 3041 roseoque
784 2956 935 3022 domatur

112 3044 277 3131 Lucifero,
301 3046 451 3130 quotiens
475 3046 617 3130 equitem
639 3050 672 3110 te
696 3045 798 3110 cernit
821 3045 862 3109 ab
886 3044 996 3130 astris,

111 3132 239 3210 Invidet
261 3135 359 3219 inque
382 3136 448 3199 tuis
471 3136 596 3200 mavult
619 3155 768 3220 spumare
790 3133 920 3218 lupatis.

179 3222 276 3288 Nunc
291 3245 419 3309 quoque
434 3247 516 3309 quos
525 3224 667 3312 habitus,
682 3227 821 3308 quantae
829 3221 985 3288 miracula
994 3239 1131 3307 pompae

112 3312 277 3399 Vidimus,
299 3311 446 3378 Ausonio
471 3336 544 3379 cum
566 3315 631 3380 iarn
655 3312 838 3378 succinctus
861 3311 982 3376 amictu
1079 3327 1131 3378 511

113 3399 177 3464 Ρ11
198 3401 357 3488 Ligurum
379 3404 518 3488 populos
542 3403 640 3468 solito
665 3401 867 3486 conspectior
889 3401 953 3465 ires

113 3488 223 3574 Atque
246 3491 332 3558 inter
353 3492 464 3558 niveas
487 3493 552 3572 alte
574 3492 725 3559 veherere
748 3492 912 3583 cohortes,
