2438 3832
105 151 202 221 (XXI.)
222 151 270 204 DE
286 150 505 207 CONSVLATV
520 152 742 208 STILIOHONIS
758 155 867 210 LIBER
881 156 1027 216 PRIMVS.
1057 159 1121 223 143

104 314 265 379 Pallantis
288 315 436 401 iugulum
459 315 568 380 Turno
591 317 748 381 moriente
771 319 872 402 piavit

103 403 241 488 Aeneas,
264 408 450 487 tractusque
474 405 555 469 rotis
577 404 749 470 ultricibus
772 407 894 472 Hector

104 491 193 556 Irato
217 492 359 557 vindicta
382 494 444 557 fuit
467 495 519 558 vel
543 499 696 578 quaestus
718 493 853 560 Achilli:

104 581 154 645 Tu
176 603 280 664 neque
303 603 422 646 vesano
445 587 555 666 raptas
577 584 704 647 venalia
727 606 822 648 curru
1070 604 1120 653 100

103 669 231 734 Funera
253 692 312 734 nec
334 693 450 735 vanam
474 693 590 755 corpus
613 673 778 737 meditaris
800 673 836 738 in
857 697 957 738 unum

105 758 292 845 Saevitiam3
315 764 439 823 turmas
463 761 608 843 equitum
630 762 838 846 peditumque
861 768 1006 828 catervas

103 847 313 931 Hostilesque
337 849 453 935 globos
476 850 603 913 tumulo
626 851 805 934 prosternis
829 852 936 938 amiei3

103 935 232 1000 inferiis
256 959 335 1024 gens
358 942 429 1002 tota
452 938 554 1002 datur.
591 937 660 1004 Nec
682 939 841 1004 Mulciber
864 946 976 1005 auctor

103 1025 267 1089 Mendacis
290 1026 384 1110 clipei
408 1027 627 1110 fabricataque
650 1029 780 1092 uatibus
804 1051 893 1092 arma
1068 1047 1118 1097 105

106 1114 249 1179 Conatus
272 1115 379 1180 iuvere
403 1120 490 1180 tuos:
514 1120 565 1203 tot
588 1117 726 1180 barbara
749 1116 838 1181 solus

103 1203 195 1267 Milia
217 1204 282 1267 iam
304 1205 427 1288 pridem
450 1205 600 1268 miseram
622 1206 785 1269 vastantia
808 1205 954 1270 Thracen

102 1292 238 1356 Finibus
262 1293 396 1379 exiguae
418 1294 513 1358 vallis
537 1293 688 1358 conclusa
710 1295 852 1359 tenebas.

102 1381 226 1446 Necte
250 1383 428 1447 terrisonus
452 1383 571 1447 stridor
593 1383 752 1447 venientis
775 1382 873 1448 Alani

102 1470 171 1535 Nec
193 1492 276 1557 vaga
301 1470 487 1535 Chunorum
510 1471 631 1557 feritaS,
653 1494 721 1536 non
742 1471 825 1536 falce
850 1471 1001 1560 Gelonus
1067 1493 1118 1543 110

102 1559 179 1624 Non
202 1581 278 1623 arcu
300 1560 450 1644 pepulere
475 1559 583 1646 Getae,
605 1583 671 1625 non
695 1559 842 1625 Sarmata
865 1569 969 1627 conto.

102 1648 312 1731 Extinetique
336 1650 443 1713 forent
465 1650 604 1735 penitus,
626 1650 661 1713 ni
684 1671 773 1713 more
795 1650 939 1737 maligno

100 1736 242 1802 Falleret
264 1735 431 1824 Augustas
455 1738 601 1802 occultus
623 1738 770 1822 proditor
793 1760 886 1803 aures

104 1824 356 1910 Obstrueretque
380 1849 487 1891 moros
512 1827 724 1911 strictumque
748 1827 932 1892 retunderet
955 1851 1072 1916 ensem,

103 1913 249 1980 Solveret
273 1916 432 2001 obsessos,
455 1916 623 2000 praeberet
645 1916 774 1980 foedera
797 1917 908 2000 captis.
1065 1936 1116 1987 115

169 2001 332 2068 Adsiduus
356 2005 471 2068 castris
494 2004 612 2090 aderat,
635 2005 818 2068 rarissimus
841 2007 924 2092 urbi,

102 2091 137 2157 Si
161 2092 288 2176 quando
312 2093 437 2177 trepida
459 2093 608 2177 princeps
630 2094 751 2177 pietate
773 2099 917 2180 vocaret3

100 2181 229 2266 Vixque
254 2182 403 2247 salutatis
426 2182 573 2267 LaribuS,
595 2182 650 2246 vix
673 2182 809 2269 coniuge
832 2183 910 2268 visa,

100 2270 238 2335 Deterso
260 2271 397 2335 necdum
420 2272 586 2355 repetebat
610 2271 765 2358 sanguine
789 2293 937 2355 campum

100 2358 169 2424 Nec
193 2360 284 2424 stetit
307 2360 460 2424 Eucherii
484 2360 559 2424 dum
583 2364 726 2444 carperet
750 2360 860 2426 oscula
884 2361 999 2426 saltem
1064 2380 1115 2431 120

99 2448 162 2512 Per
185 2448 319 2535 galeam.
355 2448 462 2513 Patris
487 2449 636 2513 stimulos
658 2450 807 2536 ignisque
830 2449 938 2514 mariti

99 2536 188 2601 Vicit
212 2559 288 2602 cura
311 2537 409 2603 ducis.
447 2537 603 2614 Quotiens
627 2539 687 2603 sub
710 2540 850 2623 pellibus
873 2540 941 2626 egIt

100 2626 231 2690 Edonas
255 2627 376 2691 hiemes
400 2631 431 2691 et
455 2627 539 2691 tardi
563 2628 666 2691 flabra
688 2627 811 2692 Bootae

100 2713 168 2779 Sub
193 2714 265 2779 divo
289 2715 434 2800 Riphaea
456 2717 547 2781 tulit!
571 2738 706 2799 cumque
729 2717 804 2803 igne
826 2717 1008 2801 propinquo

99 2803 235 2890 Frigora
258 2804 312 2868 vix
335 2805 456 2870 ferrent
479 2805 543 2891 alii,
566 2809 645 2869 tunc
666 2805 729 2869 iste
754 2805 913 2892 rigentem
1062 2824 1113 2874 125

98 2892 284 2956 Danuvium
307 2894 452 2957 calcabat
476 2915 573 2976 eques
594 2893 789 2975 nivibusque
811 2893 1006 2976 profundum

100 2979 281 3045 Scandebat
304 2983 456 3046 cristatus
479 2979 592 3045 Athon
613 2981 743 3063 lateque
767 3001 899 3044 corusco

101 3069 257 3135 Curvatas
280 3072 383 3158 glacie
407 3071 506 3135 silvas
528 3069 668 3133 umbone
691 3068 814 3133 ruebat.

98 3159 194 3224 Nunc
217 3181 318 3244 prope
342 3159 504 3223 Cimmerii
526 3158 680 3223 tendebat
702 3157 799 3221 litora
821 3156 929 3244 Ponti,

98 3248 194 3313 Nunc
218 3248 315 3313 dabat
337 3248 508 3313 hibernum
531 3246 688 3331 Rhodope
709 3247 859 3311 nimbosa
883 3247 995 3312 cubile.
1061 3267 1113 3318 130

97 3336 167 3401 Vos
190 3337 306 3401 Haemi
330 3337 453 3424 gelidae
476 3337 586 3423 valles,
610 3357 690 3419 quas
714 3357 807 3420 saepe
832 3336 972 3400 cruentis

100 3424 271 3513 Stragibus
295 3427 444 3509 aequavit
468 3424 614 3512 Stilicho,
637 3447 695 3489 vos
718 3424 855 3488 Thracia
878 3428 981 3489 testor

98 3513 259 3601 Flumina,
283 3537 364 3599 quae
387 3515 479 3602 largo
502 3515 654 3580 mutastis
679 3513 836 3602 sanguine
857 3514 1002 3598 ductus-q
