2438 3832
129 158 195 223 130
453 154 600 212 CLAVDII
618 153 816 210 CLAVDIANI

463 389 811 465 PANEGYRIOVS.

579 526 692 597 (nvn.)

195 637 272 722 Ipsa
295 636 424 721 quidem
445 636 560 702 Virtus
583 637 723 720 pretium
747 637 818 722 sibi,
842 629 983 720 solaque*
996 636 1062 701 late

124 726 290 791 Fortunae
314 747 425 789 secura
446 726 530 789 nitet
552 746 611 789 nec
633 725 776 789 fascibus
799 725 876 788 ullis

127 816 277 902 Erigitur
298 815 454 898 plausuve
477 814 560 897 petit
583 812 756 877 clarescere
779 814 878 900 vulgi.

127 903 186 969 Nil
210 903 281 986 opis
305 907 454 967 externae
477 903 618 987 cupienS,
640 902 688 966 nil
710 902 820 988 indiga
843 902 957 988 laudis,

127 993 261 1057 Divitiis
284 992 429 1056 animosa
453 991 519 1055 suis
542 991 729 1074 inmotaque
752 991 876 1056 eunctis
1126 1011 1143 1060 5

128 1082 265 1148 Casibus
288 1103 327 1145 ex
350 1081 417 1145 alta
439 1079 589 1144 mortalia
613 1079 748 1163 despicit
770 1101 850 1144 arce.

126 1170 282 1235 Attamen
302 1170 438 1234 invitam
461 1168 577 1233 blande
600 1169 740 1255 vestigat
764 1172 795 1233 et
818 1169 906 1232 ultro

125 1259 240 1324 Ambit
263 1257 390 1323 Honor:
414 1257 523 1322 docuit
546 1258 666 1321 totiens
689 1257 730 1320 ad
752 1279 827 1321 rura
850 1257 1014 1341 profectus

125 1349 238 1413 Lictor
261 1348 350 1411 etin
372 1346 486 1410 mediis
510 1345 622 1409 consul
646 1346 810 1429 quaesitus
834 1346 958 1410 aratris.

127 1436 173 1501 Te
197 1457 325 1520 quoque
347 1438 482 1498 naturae
506 1434 605 1498 sacris
627 1434 802 1518 mundique
824 1439 1000 1521 vacantem,
1108 1456 1142 1504 10

125 1525 308 1590 Emeritum
330 1523 454 1607 pridem
478 1522 704 1606 desudatisque
727 1527 886 1588 remotum

125 1613 257 1678 Iudiciis
281 1612 390 1676 eadem
413 1634 541 1676 rursum
565 1613 731 1695 complexa
753 1615 899 1696 potestas

123 1702 244 1767 Evehit
268 1705 299 1765 et
322 1700 470 1765 reducem
491 1701 579 1765 notis
601 1701 740 1784 imponit
763 1701 906 1766 habenis.

123 1791 291 1856 Accedunt
313 1791 456 1854 trabeae:
478 1789 527 1854 nil
549 1790 622 1875 iam,
646 1789 821 1876 Theodore,
844 1790 1001 1877 relictum,

125 1879 197 1957 Quo
219 1881 324 1944 virtus
347 1880 454 1942 animo
479 1882 600 1942 creseat
622 1879 673 1942 vel
697 1878 849 1962 splendor
871 1879 995 1944 honori.
1107 1899 1140 1948 15

125 1968 260 2034 Culmen
281 1972 455 2050 utrumque
477 1971 575 2032 tenea.

616 2055 727 2120 Talem
750 2061 782 2120 te
805 2057 955 2139 protinus
979 2059 1055 2123 anni

121 2145 314 2210 Formauere
336 2145 440 2231 ruder,
464 2149 496 2210 et
519 2144 652 2231 dignum
674 2145 741 2209 vita
765 2145 869 2209 curuli

123 2234 250 2301 Struxit
272 2235 334 2299 iter
356 2234 541 2318 primaeque
565 2255 656 2297 senes
680 2255 802 2299 cessere
823 2234 980 2300 iuventae.

121 2322 191 2388 Iam
214 2327 285 2387 tum
308 2324 441 2387 canities
464 2322 571 2407 animi,
593 2323 659 2386 iam
682 2322 774 2387 dulce
796 2322 949 2407 loquendi

122 2412 254 2477 Pondus
278 2415 310 2475 et
333 2411 489 2475 attonitas
514 2433 617 2475 sermo
643 2412 698 2494 qui
722 2411 851 2476 duceret
874 2435 976 2478 aures.
1103 2433 1139 2483 20

121 2501 200 2565 Mox
222 2499 342 2564 undare
365 2499 436 2564 foro
460 2499 576 2564 victrix
600 2500 765 2583 opulentia
787 2500 917 2587 linguae

121 2589 298 2672 Tutorique
321 2610 402 2652 reos,
447 2587 523 2673 Ipsa
545 2588 624 2652 haec
647 2589 846 2673 amplissima
870 2590 959 2654 sedes

122 2676 275 2742 Orantem
299 2678 434 2762 stupuit,
456 2677 508 2741 bis
530 2677 700 2742 laudatura
723 2682 895 2765 regentem.

121 2765 207 2831 H'mc
229 2771 262 2830 te
284 2788 360 2850 pars
381 2766 504 2851 Libyae
526 2766 746 2831 moderantem
767 2769 839 2831 iura
861 2767 1021 2854 probavit,

22 2857 24 2860 ’
121 2855 209 2932 Quae
231 2877 317 2919 nunc
340 2858 410 2919 tota
432 2855 563 2940 probat3
585 2856 676 2942 longi
701 2855 756 2919 sed
778 2857 897 2944 pignus
920 2858 1039 2922 amoris
1098 2876 1136 2924 25

119 2944 267 3030 Exiguae
289 2965 440 3027 peperere
462 2966 571 3008 morae
593 2944 813 3028 populumque
837 2944 986 3010 clientem

118 3032 254 3098 Publica
277 3033 437 3097 mansuris
460 3036 622 3097 testantur
643 3034 777 3097 vocibus
801 3055 882 3098 aera.

118 3120 197 3187 inde
219 3122 281 3186 tibi
304 3121 467 3186 Macetum
489 3122 587 3186 tellus
611 3125 643 3185 et
667 3121 786 3187 credita
808 3123 917 3187 Pellae

119 3210 257 3297 Moenia,
281 3233 362 3295 quae
386 3211 527 3275 famulus
551 3210 712 3294 quondam
736 3211 850 3276 ditavit
873 3210 1056 3298 Hydaspes;

118 3300 285 3384 Tantaque
309 3300 497 3364 commissae
520 3299 678 3364 revocasti
701 3299 818 3385 gaudia
841 3300 930 3386 genti
1098 3320 1136 3370 30

192 3462 209 3510 8
229 3457 266 3510 ad
285 3473 350 3510 rura
382 3472 399 3510 a
417 3473 489 3511 rure.
583 3462 615 3511 15
634 3456 746 3528 honori]
761 3458 887 3528 Birttus;
904 3457 1017 3515 honore.

182 3533 222 3582 18
237 3527 352 3581 struxit
383 3545 447 3601 09ος
465 3528 559 3584 traxit.
