2438 3832
442 718 777 792 PANEGYRIOVS

103 861 166 933 DE
184 861 358 933 TERTIO
375 859 659 933 CONSVLATV
678 861 881 934 HONORII
896 860 1119 935 AVGVSTI.

494 1039 730 1101 PRAEFATIO.

575 1174 648 1243 (Vl.)

100 1282 223 1347 Parvos
246 1305 312 1347 non
335 1283 454 1366 equilis
477 1284 527 1347 fes
551 1288 599 1347 est
623 1283 755 1348 educere
777 1284 863 1347 fetus

146 1371 232 1435 Ante
255 1372 351 1435 fidem
375 1372 454 1436 solis
477 1373 696 1455 iudiciumque
718 1373 794 1456 poli.

100 1458 189 1523 Nem
211 1465 316 1545 pater,
340 1483 356 1524 e
380 1461 481 1525 scisso
507 1461 604 1524 saluit
627 1483 700 1524 oum
722 1461 865 1548 tegmine
888 1462 995 1546 proles

146 1547 277 1632 Ovaque
300 1554 464 1613 maternus
488 1550 576 1634 rupit
599 1549 708 1613 hiuloa
730 1555 837 1634 tepor,

99 1636 255 1702 Protinus
278 1638 449 1721 implumes
473 1639 633 1703 convertit
656 1639 696 1702 ad
719 1639 849 1703 aethera
872 1638 967 1702 nidos
1098 1657 1115 1703 o

146 1726 190 1790 Et
213 1731 300 1790 reoto
324 1728 470 1791 flammas
496 1728 633 1811 imperet
658 1750 712 1791 ore
735 1728 812 1812 pati.

101 1814 251 1879 Consulit
275 1815 422 1879 ardentes
445 1816 552 1879 radios
576 1821 608 1880 et
631 1817 702 1879 luoe
724 1817 882 1903 magistra

144 1903 305 1968 Natorum
328 1905 413 1968 vires
438 1904 668 1990 ingeniumque
690 1905 816 1989 probat.

99 1992 298 2078 Degenerem
321 1995 435 2079 refugo
459 1993 556 2057 torsit
581 1993 637 2076 qui
660 1993 782 2057 lumine
804 1993 924 2077 visum,

144 2081 318 2168 Vnguibus
341 2082 426 2146 huno
451 2083 554 2146 saevis
578 2082 627 2145 ira
649 2087 783 2165 paterna
805 2082 889 2146 ferit.
1082 2099 1116 2148 10

98 2169 332 2253 Exploratores
356 2171 458 2235 oeulis
483 2171 539 2254 qui
562 2171 697 2254 pertulit
720 2171 811 2256 ignes
869 2170 872 2178 “

146 2258 371 2342 Sustinuitque
395 2260 463 2324 aoie
485 2259 647 2324 nobiliore
671 2259 769 2345 diem,

98 2346 254 2412 Nutritur
277 2350 508 2432 volucrumque
531 2354 646 2433 potens
670 2353 702 2412 et
725 2349 872 2413 fulminis
895 2347 1002 2433 heres,

145 2434 302 2500 Gesturus
327 2460 452 2501 summo
475 2438 540 2501 tela
563 2438 697 2501 trisuleo
720 2436 799 2502 Iovi.

100 2522 154 2588 Me
178 2547 305 2608 quoque
327 2526 445 2590 Pieriis
468 2530 662 2610 temptatum
686 2527 813 2610 saepius
837 2526 940 2590 antris
1081 2545 1113 2592 15

142 2613 250 2678 Audet
272 2637 390 2701 magne
414 2638 471 2679 suo
495 2616 624 2679 mittere
646 2615 750 2678 Roma
774 2615 841 2679 deo.

47 2701 52 2708 ’
98 2700 167 2765 Iam
192 2702 338 2766 domines
362 2727 468 2789 aures,
491 2704 556 2767 iam
579 2703 669 2789 regie
691 2707 776 2767 teoto
799 2726 959 2768 meremur

142 2791 187 2855 nt
211 2792 320 2875 chelys
343 2792 493 2878 Augusto
517 2792 621 2856 iudioe
643 2797 755 2856 nostro
779 2797 881 2856 sonat.

170 2990 185 3036 3
206 3001 220 3038 e
240 2985 338 3057 scisso]
358 2988 471 3055 soripsi‚·
489 3002 612 3039 excusso.

499 3272 711 3280 ..Μ
