<?xml version="1.0" encoding="UTF-8"?>
<!DOCTYPE html PUBLIC "-//W3C//DTD XHTML 1.0 Transitional//EN"
    "http://www.w3.org/TR/xhtml1/DTD/xhtml1-transitional.dtd">
<html xmlns="http://www.w3.org/1999/xhtml" xml:lang="en" lang="en">
 <head>
  <title>
</title>
<meta http-equiv="Content-Type" content="text/html;charset=utf-8" />
  <meta name='ocr-system' content='tesseract 3.04.00' />
  <meta name='ocr-capabilities' content='ocr_page ocr_carea ocr_par ocr_line ocrx_word'/>
</head>
<body>
  <div class='ocr_page' id='page_1' title='image "./claudiiclaudian05claugoog_0210.png"; bbox 0 0 2438 3832; ppageno 0'>
   <div class='ocr_carea' id='block_1_1' title="bbox 76 155 1097 229">
    <p class='ocr_par' dir='ltr' id='par_1_1' title="bbox 76 155 1097 229">
     <span class='ocr_line' id='line_1_1' title="bbox 76 155 1097 229; baseline 0.016 -18"><span class='ocrx_word' id='word_1_1' title='bbox 76 158 177 229; x_wconf 81' lang='lat' dir='ltr'><strong>(XXI.)</strong></span> <span class='ocrx_word' id='word_1_2' title='bbox 191 157 240 211; x_wconf 87' lang='lat' dir='ltr'><strong>DE</strong></span> <span class='ocrx_word' id='word_1_3' title='bbox 256 155 471 212; x_wconf 78' lang='lat' dir='ltr'>CONSVLATV</span> <span class='ocrx_word' id='word_1_4' title='bbox 487 157 712 215; x_wconf 83' lang='lat' dir='ltr'>STILICHONIS</span> <span class='ocrx_word' id='word_1_5' title='bbox 727 159 837 214; x_wconf 81' lang='lat' dir='ltr'>LIBER</span> <span class='ocrx_word' id='word_1_6' title='bbox 850 159 998 218; x_wconf 83' lang='lat' dir='ltr'><strong>PRIMVS.</strong></span> <span class='ocrx_word' id='word_1_7' title='bbox 1036 161 1097 227; x_wconf 87' lang='lat'><strong>141</strong></span> 
     </span>
    </p>
   </div>
   <div class='ocr_carea' id='block_1_2' title="bbox 10 318 1101 3613">
    <p class='ocr_par' dir='ltr' id='par_1_2' title="bbox 82 318 978 409">
     <span class='ocr_line' id='line_1_2' title="bbox 82 318 978 409; baseline 0.004 -24"><span class='ocrx_word' id='word_1_8' title='bbox 82 318 161 385; x_wconf 82' lang='lat' dir='ltr'><strong>Sors</strong></span> <span class='ocrx_word' id='word_1_9' title='bbox 185 319 244 384; x_wconf 93' lang='lat' dir='ltr'><strong>ulli</strong></span> <span class='ocrx_word' id='word_1_10' title='bbox 268 342 419 385; x_wconf 88' lang='lat' dir='ltr'><strong>concessa</strong></span> <span class='ocrx_word' id='word_1_11' title='bbox 441 321 521 386; x_wconf 92' lang='lat' dir='ltr'><strong>viro.</strong></span> <span class='ocrx_word' id='word_1_12' title='bbox 559 322 660 399; x_wconf 81' lang='lat' dir='ltr'><strong>Quem</strong></span> <span class='ocrx_word' id='word_1_13' title='bbox 683 323 793 388; x_wconf 91' lang='lat' dir='ltr'><strong>vultus</strong></span> <span class='ocrx_word' id='word_1_14' title='bbox 817 324 978 409; x_wconf 76' lang='lat' dir='ltr'><strong>honestat,</strong></span> 
     </span>
    </p>

    <p class='ocr_par' dir='ltr' id='par_1_3' title="bbox 81 409 1014 499">
     <span class='ocr_line' id='line_1_3' title="bbox 81 409 1014 499; baseline 0.004 -26"><span class='ocrx_word' id='word_1_15' title='bbox 81 409 286 474; x_wconf 88' lang='lat' dir='ltr'><strong>Dedecorant</strong></span> <span class='ocrx_word' id='word_1_16' title='bbox 309 432 429 496; x_wconf 81' lang='lat' dir='ltr'><strong>mores3</strong></span> <span class='ocrx_word' id='word_1_17' title='bbox 452 411 579 475; x_wconf 90' lang='lat' dir='ltr'><strong>animus</strong></span> <span class='ocrx_word' id='word_1_18' title='bbox 603 433 698 495; x_wconf 90' lang='lat' dir='ltr'><strong>quem</strong></span> <span class='ocrx_word' id='word_1_19' title='bbox 720 412 887 496; x_wconf 80' lang='lat' dir='ltr'>pulchrior</span> <span class='ocrx_word' id='word_1_20' title='bbox 911 417 1014 499; x_wconf 79' lang='lat' dir='ltr'><strong>ornat,</strong></span> 
     </span>
    </p>

    <p class='ocr_par' dir='ltr' id='par_1_4' title="bbox 84 497 799 587">
     <span class='ocr_line' id='line_1_4' title="bbox 84 497 799 587; baseline 0.004 -25"><span class='ocrx_word' id='word_1_21' title='bbox 84 497 210 582; x_wconf 80' lang='lat' dir='ltr'><strong>Corpus</strong></span> <span class='ocrx_word' id='word_1_22' title='bbox 234 498 390 563; x_wconf 74' lang='lat' dir='ltr'><strong>destituit.</strong></span> <span class='ocrx_word' id='word_1_23' title='bbox 427 498 528 564; x_wconf 90' lang='lat' dir='ltr'><strong>Bellis</strong></span> <span class='ocrx_word' id='word_1_24' title='bbox 551 500 712 587; x_wconf 85' lang='lat' dir='ltr'><strong>insignior</strong></span> <span class='ocrx_word' id='word_1_25' title='bbox 734 501 799 587; x_wconf 82' lang='lat' dir='ltr'><strong>ille,</strong></span> 
     </span>
    </p>

    <p class='ocr_par' dir='ltr' id='par_1_5' title="bbox 10 586 903 676">
     <span class='ocr_line' id='line_1_5' title="bbox 10 586 903 676; baseline 0.002 -23"><span class='ocrx_word' id='word_1_26' title='bbox 10 642 25 661; x_wconf 83' lang='grc'><strong><em>,</em></strong></span> <span class='ocrx_word' id='word_1_27' title='bbox 83 586 147 653; x_wconf 85' lang='lat' dir='ltr'><strong>Sed</strong></span> <span class='ocrx_word' id='word_1_28' title='bbox 168 609 280 671; x_wconf 89' lang='lat' dir='ltr'><strong>pacem</strong></span> <span class='ocrx_word' id='word_1_29' title='bbox 303 587 412 652; x_wconf 84' lang='lat' dir='ltr'><strong>foedat</strong></span> <span class='ocrx_word' id='word_1_30' title='bbox 434 588 531 653; x_wconf 88' lang='lat' dir='ltr'><strong>vitiis.</strong></span> <span class='ocrx_word' id='word_1_31' title='bbox 577 589 641 654; x_wconf 91' lang='lat' dir='ltr'><strong>Hic</strong></span> <span class='ocrx_word' id='word_1_32' title='bbox 663 589 793 675; x_wconf 89' lang='lat' dir='ltr'><strong>publica</strong></span> <span class='ocrx_word' id='word_1_33' title='bbox 815 590 903 676; x_wconf 82' lang='lat' dir='ltr'><strong>felix,</strong></span> 
     </span>
    </p>

    <p class='ocr_par' dir='ltr' id='par_1_6' title="bbox 83 675 1099 766">
     <span class='ocr_line' id='line_1_6' title="bbox 83 675 1099 766; baseline 0.003 -25"><span class='ocrx_word' id='word_1_34' title='bbox 83 675 147 741; x_wconf 82' lang='lat' dir='ltr'><strong>Sed</strong></span> <span class='ocrx_word' id='word_1_35' title='bbox 169 675 296 760; x_wconf 88' lang='lat' dir='ltr'><strong>privata</strong></span> <span class='ocrx_word' id='word_1_36' title='bbox 318 677 433 742; x_wconf 88' lang='lat' dir='ltr'><strong>minus.</strong></span> <span class='ocrx_word' id='word_1_37' title='bbox 470 677 645 765; x_wconf 78' lang='lat' dir='ltr'><strong>Partitum3</strong></span> <span class='ocrx_word' id='word_1_38' title='bbox 669 679 797 766; x_wconf 71' lang='lat' dir='ltr'><strong>singula</strong></span> <span class='ocrx_word' id='word_1_39' title='bbox 821 701 980 764; x_wconf 82' lang='lat' dir='ltr'>quemque</span> <span class='ocrx_word' id='word_1_40' title='bbox 1066 696 1099 744; x_wconf 84' lang='lat'><strong>30</strong></span> 
     </span>
    </p>

    <p class='ocr_par' dir='ltr' id='par_1_7' title="bbox 81 764 1100 855">
     <span class='ocr_line' id='line_1_7' title="bbox 81 764 1100 855; baseline 0.001 -23"><span class='ocrx_word' id='word_1_41' title='bbox 81 764 282 832; x_wconf 89' lang='lat' dir='ltr'><strong>Nobilitant:</strong></span> <span class='ocrx_word' id='word_1_42' title='bbox 311 766 397 830; x_wconf 92' lang='lat' dir='ltr'><strong>hunc</strong></span> <span class='ocrx_word' id='word_1_43' title='bbox 420 765 524 831; x_wconf 86' lang='lat' dir='ltr'><strong>forma</strong></span> <span class='ocrx_word' id='word_1_44' title='bbox 547 767 675 855; x_wconf 82' lang='lat' dir='ltr'><strong>decens,</strong></span> <span class='ocrx_word' id='word_1_45' title='bbox 702 769 789 833; x_wconf 91' lang='lat' dir='ltr'><strong>hunc</strong></span> <span class='ocrx_word' id='word_1_46' title='bbox 811 768 912 833; x_wconf 90' lang='lat' dir='ltr'><strong>robur</strong></span> <span class='ocrx_word' id='word_1_47' title='bbox 935 768 971 833; x_wconf 89' lang='grc'><strong>111</strong></span> <span class='ocrx_word' id='word_1_48' title='bbox 992 767 1100 853; x_wconf 76' lang='lat' dir='ltr'><strong>armis,</strong></span> 
     </span>
    </p>

    <p class='ocr_par' dir='ltr' id='par_1_8' title="bbox 83 853 941 943">
     <span class='ocr_line' id='line_1_8' title="bbox 83 853 941 943; baseline 0.005 -25"><span class='ocrx_word' id='word_1_49' title='bbox 83 853 180 919; x_wconf 91' lang='lat' dir='ltr'><strong>Hunc</strong></span> <span class='ocrx_word' id='word_1_50' title='bbox 202 854 301 941; x_wconf 72' lang='lat' dir='ltr'><strong>rigor,</strong></span> <span class='ocrx_word' id='word_1_51' title='bbox 323 854 409 919; x_wconf 90' lang='lat' dir='ltr'><strong>hunc</strong></span> <span class='ocrx_word' id='word_1_52' title='bbox 431 856 545 942; x_wconf 74' lang='lat' dir='ltr'><strong>pictas,</strong></span> <span class='ocrx_word' id='word_1_53' title='bbox 567 856 661 922; x_wconf 90' lang='lat' dir='ltr'><strong>illum</strong></span> <span class='ocrx_word' id='word_1_54' title='bbox 684 857 829 922; x_wconf 84' lang='lat' dir='ltr'><strong>sollertia</strong></span> <span class='ocrx_word' id='word_1_55' title='bbox 849 857 941 943; x_wconf 87' lang='lat' dir='ltr'><strong>iuris,</strong></span> 
     </span>
    </p>

    <p class='ocr_par' dir='ltr' id='par_1_9' title="bbox 83 942 1042 1034">
     <span class='ocr_line' id='line_1_9' title="bbox 83 942 1042 1034; baseline 0.005 -27"><span class='ocrx_word' id='word_1_56' title='bbox 83 942 180 1008; x_wconf 89' lang='lat' dir='ltr'><strong>Hunc</strong></span> <span class='ocrx_word' id='word_1_57' title='bbox 203 944 333 1008; x_wconf 87' lang='lat' dir='ltr'><strong>suboles</strong></span> <span class='ocrx_word' id='word_1_58' title='bbox 357 944 501 1029; x_wconf 91' lang='lat' dir='ltr'><strong>castique</strong></span> <span class='ocrx_word' id='word_1_59' title='bbox 525 945 598 1010; x_wconf 92' lang='lat' dir='ltr'><strong>tori.</strong></span> <span class='ocrx_word' id='word_1_60' title='bbox 635 945 841 1034; x_wconf 77' lang='lat' dir='ltr'><strong>Spargrmtur</strong></span> <span class='ocrx_word' id='word_1_61' title='bbox 862 946 898 1011; x_wconf 91' lang='lat' dir='ltr'><strong>in</strong></span> <span class='ocrx_word' id='word_1_62' title='bbox 921 968 1042 1032; x_wconf 80' lang='lat' dir='ltr'><strong>omnes,</strong></span> 
     </span>
    </p>

    <p class='ocr_par' dir='ltr' id='par_1_10' title="bbox 83 1030 868 1118">
     <span class='ocr_line' id='line_1_10' title="bbox 83 1030 868 1118; baseline 0.005 -22"><span class='ocrx_word' id='word_1_63' title='bbox 83 1030 178 1097; x_wconf 86' lang='lat' dir='ltr'><strong>Inte</strong></span> <span class='ocrx_word' id='word_1_64' title='bbox 201 1032 303 1097; x_wconf 84' lang='lat' dir='ltr'><strong>mixta</strong></span> <span class='ocrx_word' id='word_1_65' title='bbox 325 1034 445 1118; x_wconf 84' lang='lat' dir='ltr'><strong>fluunt3</strong></span> <span class='ocrx_word' id='word_1_66' title='bbox 469 1038 501 1098; x_wconf 89' lang='lat' dir='ltr'><strong>et</strong></span> <span class='ocrx_word' id='word_1_67' title='bbox 525 1054 606 1118; x_wconf 87' lang='lat' dir='ltr'><strong>quae</strong></span> <span class='ocrx_word' id='word_1_68' title='bbox 630 1035 732 1100; x_wconf 88' lang='lat' dir='ltr'><strong>divisa</strong></span> <span class='ocrx_word' id='word_1_69' title='bbox 754 1035 868 1100; x_wconf 89' lang='lat' dir='ltr'><strong>beatos</strong></span> 
     </span>
    </p>

    <p class='ocr_par' dir='ltr' id='par_1_11' title="bbox 82 1120 1099 1207">
     <span class='ocr_line' id='line_1_11' title="bbox 82 1120 1099 1207; baseline 0.003 -21"><span class='ocrx_word' id='word_1_70' title='bbox 82 1120 251 1207; x_wconf 85' lang='lat' dir='ltr'><strong>Efficiunt,</strong></span> <span class='ocrx_word' id='word_1_71' title='bbox 275 1123 410 1187; x_wconf 88' lang='lat' dir='ltr'><strong>collecta</strong></span> <span class='ocrx_word' id='word_1_72' title='bbox 432 1126 532 1188; x_wconf 89' lang='lat' dir='ltr'><strong>tenes.</strong></span> <span class='ocrx_word' id='word_1_73' title='bbox 1065 1139 1099 1189; x_wconf 77' lang='lat' dir='ltr'><strong>aa</strong></span> 
     </span>
    </p>

    <p class='ocr_par' dir='ltr' id='par_1_12' title="bbox 571 1211 918 1277">
     <span class='ocr_line' id='line_1_12' title="bbox 571 1211 918 1277; baseline 0.003 -1"><span class='ocrx_word' id='word_1_74' title='bbox 571 1211 622 1277; x_wconf 90' lang='lat' dir='ltr'><strong>Ne</strong></span> <span class='ocrx_word' id='word_1_75' title='bbox 645 1213 731 1276; x_wconf 83' lang='lat' dir='ltr'><strong>facta</strong></span> <span class='ocrx_word' id='word_1_76' title='bbox 754 1214 918 1277; x_wconf 81' lang='lat' dir='ltr'>revolvam</span> 
     </span>
    </p>

    <p class='ocr_par' dir='ltr' id='par_1_13' title="bbox 83 1298 897 1387">
     <span class='ocr_line' id='line_1_13' title="bbox 83 1298 897 1387; baseline 0.004 -24"><span class='ocrx_word' id='word_1_77' title='bbox 83 1298 299 1384; x_wconf 89' lang='lat' dir='ltr'><strong>Militiamque</strong></span> <span class='ocrx_word' id='word_1_78' title='bbox 321 1300 433 1385; x_wconf 85' lang='lat' dir='ltr'><strong>patris,</strong></span> <span class='ocrx_word' id='word_1_79' title='bbox 456 1300 547 1365; x_wconf 90' lang='lat' dir='ltr'><strong>cuius</strong></span> <span class='ocrx_word' id='word_1_80' title='bbox 570 1301 745 1384; x_wconf 79' lang='lat' dir='ltr'><strong>producere</strong></span> <span class='ocrx_word' id='word_1_81' title='bbox 768 1302 897 1387; x_wconf 83' lang='lat' dir='ltr'><strong>famam,</strong></span> 
     </span>
    </p>

    <p class='ocr_par' dir='ltr' id='par_1_14' title="bbox 84 1387 835 1475">
     <span class='ocr_line' id='line_1_14' title="bbox 84 1387 835 1475; baseline 0.001 -22"><span class='ocrx_word' id='word_1_82' title='bbox 84 1387 120 1453; x_wconf 83' lang='lat' dir='ltr'><strong>Si</strong></span> <span class='ocrx_word' id='word_1_83' title='bbox 142 1388 226 1452; x_wconf 89' lang='lat' dir='ltr'><strong>nihil</strong></span> <span class='ocrx_word' id='word_1_84' title='bbox 249 1389 368 1475; x_wconf 81' lang='lat' dir='ltr'><strong>egisset</strong></span> <span class='ocrx_word' id='word_1_85' title='bbox 390 1390 513 1455; x_wconf 89' lang='lat' dir='ltr'><strong>clarum</strong></span> <span class='ocrx_word' id='word_1_86' title='bbox 534 1411 595 1454; x_wconf 89' lang='lat' dir='ltr'><strong>nec</strong></span> <span class='ocrx_word' id='word_1_87' title='bbox 616 1390 681 1454; x_wconf 86' lang='lat' dir='ltr'><strong>fida</strong></span> <span class='ocrx_word' id='word_1_88' title='bbox 703 1389 835 1455; x_wconf 80' lang='lat' dir='ltr'><strong>Valenti</strong></span> 
     </span>
    </p>

    <p class='ocr_par' dir='ltr' id='par_1_15' title="bbox 84 1477 855 1565">
     <span class='ocr_line' id='line_1_15' title="bbox 84 1477 855 1565; baseline 0.004 -24"><span class='ocrx_word' id='word_1_89' title='bbox 84 1477 226 1542; x_wconf 82' lang='lat' dir='ltr'><strong>Dextera</strong></span> <span class='ocrx_word' id='word_1_90' title='bbox 249 1478 393 1543; x_wconf 90' lang='lat' dir='ltr'><strong>duxisset</strong></span> <span class='ocrx_word' id='word_1_91' title='bbox 416 1479 587 1543; x_wconf 83' lang='lat' dir='ltr'><strong>rutilantes</strong></span> <span class='ocrx_word' id='word_1_92' title='bbox 611 1479 754 1544; x_wconf 80' lang='lat' dir='ltr'><strong>crinibus</strong></span> <span class='ocrx_word' id='word_1_93' title='bbox 777 1479 855 1565; x_wconf 81' lang='lat' dir='ltr'><strong>alas,</strong></span> 
     </span>
    </p>

    <p class='ocr_par' dir='ltr' id='par_1_16' title="bbox 85 1565 935 1652">
     <span class='ocr_line' id='line_1_16' title="bbox 85 1565 935 1652; baseline 0 -20"><span class='ocrx_word' id='word_1_94' title='bbox 85 1566 255 1632; x_wconf 83' lang='lat' dir='ltr'><strong>Sufficeret</strong></span> <span class='ocrx_word' id='word_1_95' title='bbox 277 1571 375 1632; x_wconf 88' lang='lat' dir='ltr'><strong>natus</strong></span> <span class='ocrx_word' id='word_1_96' title='bbox 398 1565 549 1632; x_wconf 76' lang='lat' dir='ltr'><strong>Stilicho:</strong></span> <span class='ocrx_word' id='word_1_97' title='bbox 572 1589 663 1632; x_wconf 89' lang='lat' dir='ltr'><strong>mens</strong></span> <span class='ocrx_word' id='word_1_98' title='bbox 687 1567 786 1632; x_wconf 89' lang='lat' dir='ltr'><strong>ardua</strong></span> <span class='ocrx_word' id='word_1_99' title='bbox 809 1589 935 1652; x_wconf 85' lang='lat' dir='ltr'><strong>semper</strong></span> 
     </span>
    </p>

    <p class='ocr_par' dir='ltr' id='par_1_17' title="bbox 84 1654 1100 1743">
     <span class='ocr_line' id='line_1_17' title="bbox 84 1654 1100 1743; baseline 0.003 -24"><span class='ocrx_word' id='word_1_100' title='bbox 84 1654 116 1720; x_wconf 82' lang='lat' dir='ltr'>A</span> <span class='ocrx_word' id='word_1_101' title='bbox 138 1678 248 1741; x_wconf 88' lang='lat' dir='ltr'><strong>puero,</strong></span> <span class='ocrx_word' id='word_1_102' title='bbox 270 1657 453 1740; x_wconf 88' lang='lat' dir='ltr'><strong>tenerisque</strong></span> <span class='ocrx_word' id='word_1_103' title='bbox 476 1656 574 1720; x_wconf 86' lang='lat' dir='ltr'><strong>etiam</strong></span> <span class='ocrx_word' id='word_1_104' title='bbox 596 1657 744 1743; x_wconf 79' lang='lat' dir='ltr'><strong>fulgebat</strong></span> <span class='ocrx_word' id='word_1_105' title='bbox 766 1657 801 1721; x_wconf 92' lang='lat' dir='ltr'><strong>in</strong></span> <span class='ocrx_word' id='word_1_106' title='bbox 824 1658 917 1722; x_wconf 88' lang='lat' dir='ltr'><strong>annis</strong></span> <span class='ocrx_word' id='word_1_107' title='bbox 1063 1673 1100 1723; x_wconf 82' lang='lat'><strong>40</strong></span> 
     </span>
    </p>

    <p class='ocr_par' dir='ltr' id='par_1_18' title="bbox 84 1743 865 1810">
     <span class='ocr_line' id='line_1_18' title="bbox 84 1743 865 1810; baseline 0.004 -3"><span class='ocrx_word' id='word_1_108' title='bbox 84 1743 248 1810; x_wconf 77' lang='lat' dir='ltr'><strong>Fortunae</strong></span> <span class='ocrx_word' id='word_1_109' title='bbox 271 1746 402 1809; x_wconf 87' lang='lat' dir='ltr'><strong>maioris</strong></span> <span class='ocrx_word' id='word_1_110' title='bbox 425 1745 538 1810; x_wconf 89' lang='lat' dir='ltr'><strong>honos.</strong></span> <span class='ocrx_word' id='word_1_111' title='bbox 575 1744 713 1810; x_wconf 80' lang='lat' dir='ltr'><strong>Erectus</strong></span> <span class='ocrx_word' id='word_1_112' title='bbox 737 1749 769 1810; x_wconf 89' lang='lat' dir='ltr'><strong>et</strong></span> <span class='ocrx_word' id='word_1_113' title='bbox 793 1767 865 1810; x_wconf 87' lang='lat' dir='ltr'><strong>acer</strong></span> 
     </span>
    </p>

    <p class='ocr_par' dir='ltr' id='par_1_19' title="bbox 84 1833 869 1919">
     <span class='ocr_line' id='line_1_19' title="bbox 84 1833 869 1919; baseline 0 -21"><span class='ocrx_word' id='word_1_114' title='bbox 84 1833 143 1898; x_wconf 89' lang='lat' dir='ltr'><strong>Nil</strong></span> <span class='ocrx_word' id='word_1_115' title='bbox 166 1833 262 1898; x_wconf 91' lang='lat' dir='ltr'><strong>breve</strong></span> <span class='ocrx_word' id='word_1_116' title='bbox 284 1834 401 1919; x_wconf 84' lang='lat' dir='ltr'><strong>moliri,</strong></span> <span class='ocrx_word' id='word_1_117' title='bbox 423 1834 523 1899; x_wconf 89' lang='lat' dir='ltr'><strong>nullis</strong></span> <span class='ocrx_word' id='word_1_118' title='bbox 546 1835 677 1900; x_wconf 88' lang='lat' dir='ltr'><strong>haerere</strong></span> <span class='ocrx_word' id='word_1_119' title='bbox 699 1838 869 1919; x_wconf 91' lang='lat' dir='ltr'><strong>potentum</strong></span> 
     </span>
    </p>

    <p class='ocr_par' dir='ltr' id='par_1_20' title="bbox 84 1921 902 2010">
     <span class='ocr_line' id='line_1_20' title="bbox 84 1921 902 2010; baseline 0.002 -24"><span class='ocrx_word' id='word_1_120' title='bbox 84 1921 267 1987; x_wconf 89' lang='lat' dir='ltr'><strong>Liminibus</strong></span> <span class='ocrx_word' id='word_1_121' title='bbox 290 1922 430 2006; x_wconf 84' lang='lat' dir='ltr'><strong>fatisque</strong></span> <span class='ocrx_word' id='word_1_122' title='bbox 453 1922 543 2008; x_wconf 92' lang='lat' dir='ltr'><strong>loqui</strong></span> <span class='ocrx_word' id='word_1_123' title='bbox 566 1923 632 1987; x_wconf 90' lang='lat' dir='ltr'><strong>iam</strong></span> <span class='ocrx_word' id='word_1_124' title='bbox 654 1923 752 2010; x_wconf 82' lang='lat' dir='ltr'><strong>digna</strong></span> <span class='ocrx_word' id='word_1_125' title='bbox 774 1923 902 1988; x_wconf 84' lang='lat' dir='ltr'><strong>futuris.</strong></span> 
     </span>
    </p>

    <p class='ocr_par' dir='ltr' id='par_1_21' title="bbox 84 2010 963 2098">
     <span class='ocr_line' id='line_1_21' title="bbox 84 2010 963 2098; baseline -0.002 -21"><span class='ocrx_word' id='word_1_126' title='bbox 84 2010 155 2077; x_wconf 90' lang='lat' dir='ltr'><strong>Iam</strong></span> <span class='ocrx_word' id='word_1_127' title='bbox 177 2015 247 2076; x_wconf 92' lang='lat' dir='ltr'><strong>tum</strong></span> <span class='ocrx_word' id='word_1_128' title='bbox 271 2011 473 2098; x_wconf 75' lang='lat' dir='ltr'><strong>conspicuus,</strong></span> <span class='ocrx_word' id='word_1_129' title='bbox 495 2012 560 2076; x_wconf 90' lang='lat' dir='ltr'><strong>iam</strong></span> <span class='ocrx_word' id='word_1_130' title='bbox 583 2016 653 2077; x_wconf 91' lang='lat' dir='ltr'><strong>tum</strong></span> <span class='ocrx_word' id='word_1_131' title='bbox 675 2012 869 2076; x_wconf 87' lang='lat' dir='ltr'><strong>venerabilis</strong></span> <span class='ocrx_word' id='word_1_132' title='bbox 892 2012 963 2076; x_wconf 89' lang='lat' dir='ltr'><strong>ibas</strong></span> 
     </span>
    </p>

    <p class='ocr_par' dir='ltr' id='par_1_22' title="bbox 85 2099 1101 2187">
     <span class='ocr_line' id='line_1_22' title="bbox 85 2099 1101 2187; baseline 0 -21"><span class='ocrx_word' id='word_1_133' title='bbox 85 2099 336 2184; x_wconf 69' lang='lat' dir='ltr'><strong>spondebatque</strong></span> <span class='ocrx_word' id='word_1_134' title='bbox 359 2101 472 2165; x_wconf 90' lang='lat' dir='ltr'><strong>ducem</strong></span> <span class='ocrx_word' id='word_1_135' title='bbox 495 2101 573 2165; x_wconf 89' lang='lat' dir='ltr'><strong>celsi</strong></span> <span class='ocrx_word' id='word_1_136' title='bbox 594 2100 684 2165; x_wconf 91' lang='lat' dir='ltr'><strong>nitor</strong></span> <span class='ocrx_word' id='word_1_137' title='bbox 704 2100 819 2187; x_wconf 80' lang='lat' dir='ltr'><strong>igneus</strong></span> <span class='ocrx_word' id='word_1_138' title='bbox 844 2100 909 2165; x_wconf 91' lang='lat' dir='ltr'><strong>oris</strong></span> <span class='ocrx_word' id='word_1_139' title='bbox 1067 2117 1101 2166; x_wconf 76' lang='grc'><strong>41</strong></span> 
     </span>
    </p>

    <p class='ocr_par' dir='ltr' id='par_1_23' title="bbox 85 2188 1065 2276">
     <span class='ocr_line' id='line_1_23' title="bbox 85 2188 1065 2276; baseline 0.001 -23"><span class='ocrx_word' id='word_1_140' title='bbox 85 2188 370 2273; x_wconf 84' lang='lat' dir='ltr'><strong>Membrorumque</strong></span> <span class='ocrx_word' id='word_1_141' title='bbox 392 2189 516 2276; x_wconf 87' lang='lat' dir='ltr'><strong>modus,</strong></span> <span class='ocrx_word' id='word_1_142' title='bbox 539 2189 668 2274; x_wconf 89' lang='lat' dir='ltr'><strong>qualem</strong></span> <span class='ocrx_word' id='word_1_143' title='bbox 689 2211 749 2254; x_wconf 89' lang='lat' dir='ltr'><strong>neo</strong></span> <span class='ocrx_word' id='word_1_144' title='bbox 773 2189 914 2254; x_wconf 87' lang='lat' dir='ltr'><strong>carmina</strong></span> <span class='ocrx_word' id='word_1_145' title='bbox 937 2190 1065 2276; x_wconf 82' lang='lat' dir='ltr'><strong>fingunt</strong></span> 
     </span>
    </p>

    <p class='ocr_par' dir='ltr' id='par_1_24' title="bbox 86 2277 954 2365">
     <span class='ocr_line' id='line_1_24' title="bbox 86 2277 954 2365; baseline -0.001 -22"><span class='ocrx_word' id='word_1_146' title='bbox 86 2277 251 2344; x_wconf 84' lang='lat' dir='ltr'><strong>Semideis.</strong></span> <span class='ocrx_word' id='word_1_147' title='bbox 288 2277 495 2362; x_wconf 82' lang='lat' dir='ltr'><strong>Quacumque</strong></span> <span class='ocrx_word' id='word_1_148' title='bbox 518 2279 583 2343; x_wconf 90' lang='lat' dir='ltr'><strong>alte</strong></span> <span class='ocrx_word' id='word_1_149' title='bbox 606 2278 785 2365; x_wconf 81' lang='lat' dir='ltr'><strong>gradereris</strong></span> <span class='ocrx_word' id='word_1_150' title='bbox 807 2278 843 2342; x_wconf 91' lang='lat' dir='ltr'><strong>in</strong></span> <span class='ocrx_word' id='word_1_151' title='bbox 865 2277 954 2363; x_wconf 84' lang='lat' dir='ltr'><strong>urbe,</strong></span> 
     </span>
    </p>

    <p class='ocr_par' dir='ltr' id='par_1_25' title="bbox 86 2366 830 2454">
     <span class='ocr_line' id='line_1_25' title="bbox 86 2366 830 2454; baseline 0 -22"><span class='ocrx_word' id='word_1_152' title='bbox 86 2366 243 2432; x_wconf 83' lang='lat' dir='ltr'><strong>Cedentes</strong></span> <span class='ocrx_word' id='word_1_153' title='bbox 267 2367 381 2451; x_wconf 88' lang='lat' dir='ltr'><strong>spatiis</strong></span> <span class='ocrx_word' id='word_1_154' title='bbox 403 2368 676 2454; x_wconf 83' lang='lat' dir='ltr'><strong>adsurgentesque</strong></span> <span class='ocrx_word' id='word_1_155' title='bbox 698 2367 830 2433; x_wconf 86' lang='lat' dir='ltr'><strong>videbas</strong></span> 
     </span>
    </p>

    <p class='ocr_par' dir='ltr' id='par_1_26' title="bbox 87 2455 922 2544">
     <span class='ocr_line' id='line_1_26' title="bbox 87 2455 922 2544; baseline 0.002 -24"><span class='ocrx_word' id='word_1_156' title='bbox 87 2455 241 2532; x_wconf 78' lang='lat' dir='ltr'><strong>Quamvis</strong></span> <span class='ocrx_word' id='word_1_157' title='bbox 263 2456 356 2520; x_wconf 91' lang='lat' dir='ltr'><strong>miles</strong></span> <span class='ocrx_word' id='word_1_158' title='bbox 379 2456 491 2521; x_wconf 91' lang='lat' dir='ltr'><strong>adhuc.</strong></span> <span class='ocrx_word' id='word_1_159' title='bbox 528 2456 632 2521; x_wconf 83' lang='lat' dir='ltr'><strong>Taciti</strong></span> <span class='ocrx_word' id='word_1_160' title='bbox 655 2457 809 2543; x_wconf 82' lang='lat' dir='ltr'><strong>suffragia</strong></span> <span class='ocrx_word' id='word_1_161' title='bbox 831 2455 922 2544; x_wconf 81' lang='lat' dir='ltr'><strong>vulgi</strong></span> 
     </span>
    </p>

    <p class='ocr_par' dir='ltr' id='par_1_27' title="bbox 85 2543 1100 2721">
     <span class='ocr_line' id='line_1_27' title="bbox 85 2543 1100 2631; baseline 0.002 -22"><span class='ocrx_word' id='word_1_162' title='bbox 85 2543 155 2609; x_wconf 90' lang='lat' dir='ltr'><strong>Iam</strong></span> <span class='ocrx_word' id='word_1_163' title='bbox 178 2545 240 2610; x_wconf 93' lang='lat' dir='ltr'><strong>tibi</strong></span> <span class='ocrx_word' id='word_1_164' title='bbox 263 2545 454 2631; x_wconf 83' lang='lat' dir='ltr'><strong>detulerant,</strong></span> <span class='ocrx_word' id='word_1_165' title='bbox 477 2545 633 2629; x_wconf 88' lang='lat' dir='ltr'><strong>quidquid</strong></span> <span class='ocrx_word' id='word_1_166' title='bbox 655 2569 731 2611; x_wconf 86' lang='lat' dir='ltr'><strong>mox</strong></span> <span class='ocrx_word' id='word_1_167' title='bbox 754 2545 866 2611; x_wconf 90' lang='lat' dir='ltr'><strong>debuit</strong></span> <span class='ocrx_word' id='word_1_168' title='bbox 889 2546 971 2611; x_wconf 89' lang='grc'><strong>1111.</strong></span> <span class='ocrx_word' id='word_1_169' title='bbox 1067 2561 1100 2612; x_wconf 81' lang='lat' dir='ltr'><strong>oo</strong></span> 
     </span>
     <span class='ocr_line' id='line_1_28' title="bbox 153 2633 1034 2721; baseline 0.001 -24"><span class='ocrx_word' id='word_1_170' title='bbox 153 2633 219 2698; x_wconf 81' lang='lat' dir='ltr'><strong>Vix</strong></span> <span class='ocrx_word' id='word_1_171' title='bbox 241 2634 423 2718; x_wconf 89' lang='lat' dir='ltr'><strong>primaevus</strong></span> <span class='ocrx_word' id='word_1_172' title='bbox 447 2655 527 2721; x_wconf 80' lang='lat' dir='ltr'><strong>eras,</strong></span> <span class='ocrx_word' id='word_1_173' title='bbox 549 2635 639 2718; x_wconf 89' lang='lat' dir='ltr'><strong>pacis</strong></span> <span class='ocrx_word' id='word_1_174' title='bbox 663 2657 736 2700; x_wconf 90' lang='lat' dir='ltr'><strong>cum</strong></span> <span class='ocrx_word' id='word_1_175' title='bbox 757 2635 898 2700; x_wconf 87' lang='lat' dir='ltr'><strong>mitteris</strong></span> <span class='ocrx_word' id='word_1_176' title='bbox 921 2639 1034 2700; x_wconf 89' lang='lat' dir='ltr'><strong>auctor</strong></span> 
     </span>
    </p>

    <p class='ocr_par' dir='ltr' id='par_1_28' title="bbox 86 2720 839 2811">
     <span class='ocr_line' id='line_1_29' title="bbox 86 2720 839 2811; baseline 0.003 -25"><span class='ocrx_word' id='word_1_177' title='bbox 86 2720 254 2808; x_wconf 83' lang='lat' dir='ltr'><strong>Assyriae3</strong></span> <span class='ocrx_word' id='word_1_178' title='bbox 276 2726 369 2788; x_wconf 88' lang='lat' dir='ltr'><strong>tanta</strong></span> <span class='ocrx_word' id='word_1_179' title='bbox 391 2723 505 2788; x_wconf 87' lang='lat' dir='ltr'><strong>foedus</strong></span> <span class='ocrx_word' id='word_1_180' title='bbox 529 2745 602 2788; x_wconf 89' lang='lat' dir='ltr'><strong>cum</strong></span> <span class='ocrx_word' id='word_1_181' title='bbox 624 2728 720 2811; x_wconf 80' lang='lat' dir='ltr'><strong>gente</strong></span> <span class='ocrx_word' id='word_1_182' title='bbox 743 2724 839 2789; x_wconf 88' lang='lat' dir='ltr'><strong>ferire</strong></span> 
     </span>
    </p>

    <p class='ocr_par' dir='ltr' id='par_1_29' title="bbox 88 2811 1030 2899">
     <span class='ocr_line' id='line_1_30' title="bbox 88 2811 1030 2899; baseline 0.001 -24"><span class='ocrx_word' id='word_1_183' title='bbox 88 2811 305 2876; x_wconf 80' lang='lat' dir='ltr'><strong>Commissum</strong></span> <span class='ocrx_word' id='word_1_184' title='bbox 327 2811 443 2876; x_wconf 91' lang='lat' dir='ltr'><strong>iuveni.</strong></span> <span class='ocrx_word' id='word_1_185' title='bbox 479 2811 604 2898; x_wconf 81' lang='lat' dir='ltr'><strong>Tigrim</strong></span> <span class='ocrx_word' id='word_1_186' title='bbox 625 2817 849 2899; x_wconf 85' lang='lat' dir='ltr'><strong>transgressus</strong></span> <span class='ocrx_word' id='word_1_187' title='bbox 872 2816 905 2877; x_wconf 88' lang='lat' dir='ltr'><strong>et</strong></span> <span class='ocrx_word' id='word_1_188' title='bbox 927 2812 1030 2877; x_wconf 87' lang='lat' dir='ltr'><strong>altum</strong></span> 
     </span>
    </p>

    <p class='ocr_par' dir='ltr' id='par_1_30' title="bbox 86 2899 907 2985">
     <span class='ocr_line' id='line_1_31' title="bbox 86 2899 907 2985; baseline -0.001 -20"><span class='ocrx_word' id='word_1_189' title='bbox 86 2901 279 2983; x_wconf 83' lang='lat' dir='ltr'><strong>Euphraten</strong></span> <span class='ocrx_word' id='word_1_190' title='bbox 300 2900 470 2985; x_wconf 87' lang='lat' dir='ltr'><strong>Babylona</strong></span> <span class='ocrx_word' id='word_1_191' title='bbox 492 2900 585 2984; x_wconf 92' lang='lat' dir='ltr'><strong>petis.</strong></span> <span class='ocrx_word' id='word_1_192' title='bbox 622 2899 781 2984; x_wconf 81' lang='lat' dir='ltr'><strong>Stupuere</strong></span> <span class='ocrx_word' id='word_1_193' title='bbox 805 2901 907 2965; x_wconf 84' lang='lat' dir='ltr'><strong>severi</strong></span> 
     </span>
    </p>

    <p class='ocr_par' dir='ltr' id='par_1_31' title="bbox 86 2988 1100 3075">
     <span class='ocr_line' id='line_1_32' title="bbox 86 2988 1100 3075; baseline 0 -21"><span class='ocrx_word' id='word_1_194' title='bbox 86 2989 284 3054; x_wconf 90' lang='lat' dir='ltr'><strong>Parthorum</strong></span> <span class='ocrx_word' id='word_1_195' title='bbox 305 3011 464 3075; x_wconf 83' lang='lat' dir='ltr'><strong>proceres,</strong></span> <span class='ocrx_word' id='word_1_196' title='bbox 486 2993 519 3054; x_wconf 89' lang='lat' dir='ltr'><strong>et</strong></span> <span class='ocrx_word' id='word_1_197' title='bbox 541 2990 634 3074; x_wconf 88' lang='lat' dir='ltr'><strong>plebs</strong></span> <span class='ocrx_word' id='word_1_198' title='bbox 657 2989 844 3073; x_wconf 86' lang='lat' dir='ltr'><strong>pharetrata</strong></span> <span class='ocrx_word' id='word_1_199' title='bbox 866 2988 994 3052; x_wconf 88' lang='lat' dir='ltr'><strong>videndi</strong></span> <span class='ocrx_word' id='word_1_200' title='bbox 1066 3005 1100 3054; x_wconf 79' lang='lat' dir='ltr'><strong>os</strong></span> 
     </span>
    </p>

    <p class='ocr_par' dir='ltr' id='par_1_32' title="bbox 86 3077 912 3165">
     <span class='ocr_line' id='line_1_33' title="bbox 86 3077 912 3165; baseline -0.002 -22"><span class='ocrx_word' id='word_1_201' title='bbox 86 3078 255 3164; x_wconf 82' lang='lat' dir='ltr'><strong>Flagravit</strong></span> <span class='ocrx_word' id='word_1_202' title='bbox 278 3078 395 3165; x_wconf 86' lang='lat' dir='ltr'><strong>studio,</strong></span> <span class='ocrx_word' id='word_1_203' title='bbox 418 3078 603 3163; x_wconf 86' lang='lat' dir='ltr'><strong>defixaeque</strong></span> <span class='ocrx_word' id='word_1_204' title='bbox 625 3077 754 3162; x_wconf 89' lang='lat' dir='ltr'><strong>hospite</strong></span> <span class='ocrx_word' id='word_1_205' title='bbox 776 3077 912 3162; x_wconf 88' lang='lat' dir='ltr'><strong>pulchro</strong></span> 
     </span>
    </p>

    <p class='ocr_par' dir='ltr' id='par_1_33' title="bbox 86 3167 804 3253">
     <span class='ocr_line' id='line_1_34' title="bbox 86 3167 804 3253; baseline 0.001 -22"><span class='ocrx_word' id='word_1_206' title='bbox 86 3167 236 3232; x_wconf 88' lang='lat' dir='ltr'><strong>Persides</strong></span> <span class='ocrx_word' id='word_1_207' title='bbox 259 3189 411 3232; x_wconf 88' lang='lat' dir='ltr'><strong>arcanum</strong></span> <span class='ocrx_word' id='word_1_208' title='bbox 434 3168 634 3253; x_wconf 82' lang='lat' dir='ltr'><strong>suspiravere</strong></span> <span class='ocrx_word' id='word_1_209' title='bbox 657 3167 804 3232; x_wconf 89' lang='lat' dir='ltr'><strong>calorem.</strong></span> 
     </span>
    </p>

    <p class='ocr_par' dir='ltr' id='par_1_34' title="bbox 88 3254 846 3322">
     <span class='ocr_line' id='line_1_35' title="bbox 88 3254 846 3322; baseline -0.001 -2"><span class='ocrx_word' id='word_1_210' title='bbox 88 3256 184 3321; x_wconf 83' lang='lat' dir='ltr'><strong>Turis</strong></span> <span class='ocrx_word' id='word_1_211' title='bbox 208 3256 359 3322; x_wconf 89' lang='lat' dir='ltr'><strong>odoratae</strong></span> <span class='ocrx_word' id='word_1_212' title='bbox 382 3257 519 3322; x_wconf 91' lang='lat' dir='ltr'><strong>cumulis</strong></span> <span class='ocrx_word' id='word_1_213' title='bbox 542 3261 575 3322; x_wconf 87' lang='lat' dir='ltr'><strong>et</strong></span> <span class='ocrx_word' id='word_1_214' title='bbox 597 3278 700 3322; x_wconf 88' lang='lat' dir='ltr'><strong>messe</strong></span> <span class='ocrx_word' id='word_1_215' title='bbox 723 3254 846 3322; x_wconf 82' lang='lat' dir='ltr'><strong>Sabaea</strong></span> 
     </span>
    </p>

    <p class='ocr_par' dir='ltr' id='par_1_35' title="bbox 87 3344 884 3431">
     <span class='ocr_line' id='line_1_36' title="bbox 87 3344 884 3431; baseline -0.005 -20"><span class='ocrx_word' id='word_1_216' title='bbox 87 3344 205 3411; x_wconf 89' lang='lat' dir='ltr'><strong>Pacem</strong></span> <span class='ocrx_word' id='word_1_217' title='bbox 229 3345 402 3410; x_wconf 89' lang='lat' dir='ltr'><strong>conciliant</strong></span> <span class='ocrx_word' id='word_1_218' title='bbox 424 3368 511 3430; x_wconf 82' lang='lat' dir='ltr'><strong>arae3</strong></span> <span class='ocrx_word' id='word_1_219' title='bbox 533 3345 754 3430; x_wconf 88' lang='lat' dir='ltr'><strong>penetralibus</strong></span> <span class='ocrx_word' id='word_1_220' title='bbox 776 3345 884 3431; x_wconf 81' lang='lat' dir='ltr'><strong>ignem</strong></span> 
     </span>
    </p>

    <p class='ocr_par' dir='ltr' id='par_1_36' title="bbox 89 3433 1101 3520">
     <span class='ocr_line' id='line_1_37' title="bbox 89 3433 1101 3520; baseline -0.002 -20"><span class='ocrx_word' id='word_1_221' title='bbox 89 3433 259 3500; x_wconf 84' lang='lat' dir='ltr'><strong>Sacratum</strong></span> <span class='ocrx_word' id='word_1_222' title='bbox 282 3457 415 3519; x_wconf 91' lang='lat' dir='ltr'><strong>rapuere</strong></span> <span class='ocrx_word' id='word_1_223' title='bbox 438 3435 545 3520; x_wconf 85' lang='lat' dir='ltr'><strong>adytis</strong></span> <span class='ocrx_word' id='word_1_224' title='bbox 568 3435 696 3518; x_wconf 89' lang='lat' dir='ltr'><strong>rituque</strong></span> <span class='ocrx_word' id='word_1_225' title='bbox 719 3433 870 3498; x_wconf 90' lang='lat' dir='ltr'><strong>iuvencos</strong></span> <span class='ocrx_word' id='word_1_226' title='bbox 1068 3449 1101 3498; x_wconf 86' lang='grc'><strong>00</strong></span> 
     </span>
    </p>

    <p class='ocr_par' dir='ltr' id='par_1_37' title="bbox 91 3520 937 3613">
     <span class='ocr_line' id='line_1_38' title="bbox 91 3520 937 3613; baseline -0.005 -24"><span class='ocrx_word' id='word_1_227' title='bbox 91 3521 252 3590; x_wconf 83' lang='lat' dir='ltr'><strong>Chaldaeo</strong></span> <span class='ocrx_word' id='word_1_228' title='bbox 277 3529 418 3590; x_wconf 88' lang='lat' dir='ltr'><strong>stravere</strong></span> <span class='ocrx_word' id='word_1_229' title='bbox 440 3525 536 3613; x_wconf 82' lang='lat' dir='ltr'><strong>magi.</strong></span> <span class='ocrx_word' id='word_1_230' title='bbox 573 3524 643 3588; x_wconf 83' lang='lat' dir='ltr'><strong>Rex</strong></span> <span class='ocrx_word' id='word_1_231' title='bbox 665 3522 735 3608; x_wconf 91' lang='lat' dir='ltr'><strong>ipse</strong></span> <span class='ocrx_word' id='word_1_232' title='bbox 756 3520 937 3587; x_wconf 84' lang='lat' dir='ltr'><strong>micantem</strong></span> 
     </span>
    </p>
   </div>
   <div class='ocr_carea' id='block_1_3' title="bbox 1187 3598 1199 3661">
    <p class='ocr_par' dir='ltr' id='par_1_38' title="bbox 1187 3598 1199 3661">
     <span class='ocr_line' id='line_1_39' title="bbox 1187 3598 1199 3661; baseline 0 0"><span class='ocrx_word' id='word_1_233' title='bbox 1187 3598 1199 3661; x_wconf 80' lang='grc'><strong>’1</strong></span> 
     </span>
    </p>
   </div>
   <div class='ocr_carea' id='block_1_4' title="bbox 0 0 1229 3832">
    <p class='ocr_par' dir='ltr' id='par_1_39' title="bbox 0 0 1229 3832">
     <span class='ocr_line' id='line_1_40' title="bbox 0 0 1229 3832; baseline 0 0"><span class='ocrx_word' id='word_1_234' title='bbox 0 0 1229 3832; x_wconf 95' lang='lat' dir='ltr'><strong> </strong></span> 
     </span>
    </p>
   </div>
  </div>
 </body>
</html>
