2438 3832
505 129 721 187 PRAEFATIO.
1066 133 1118 189 Vll

97 290 205 357 Immo
228 315 304 356 vero
326 290 467 375 plurima
493 291 618 378 insunt,
650 297 790 376 quaeat
814 293 1040 380 singularitate
1068 317 1120 359 ex-

100 381 224 445 cellunt
255 381 301 444 ita
332 380 558 465 interpolatori
590 382 760 446 temerario
793 404 830 446 ac
862 404 956 468 saepe
988 384 1118 468 stupido

100 470 169 534 sine
192 469 409 534 haesitatione
431 469 613 534 tribuimus.

189 558 252 623 Est
284 561 393 622 autem
430 579 544 642 operae
579 559 721 641 pretium
757 562 864 623 totum
900 560 966 631 fere
1003 560 1118 625 harum

98 647 278 715 lectionum
300 647 489 711 thesaurum
511 647 546 710 in
570 652 744 731 conspectu
772 647 904 733 habere,
932 671 1027 731 quem
1051 650 1120 733 qui-

100 736 174 801 dem
197 735 244 799 ita
273 736 429 821 eruimusr,
460 739 497 800 ut
524 733 743 821 Isengrinium
771 759 843 800 cum
872 735 1018 801 Camerte
1046 760 1120 803 con·
1177 765 1179 770 ·

98 826 256 910 feramus3
286 824 342 888 ille
365 824 452 888 enim
479 845 560 907 quae
588 825 674 908 apud
702 824 789 889 hunc
814 847 882 889 non
909 825 1047 911 invenit,
1080 849 1118 890 ex

99 914 236 996 antiqua
259 934 317 976 sua
339 913 525 977 membrana
549 913 698 978 iniecisse
721 913 856 978 videtur.
899 913 968 990 Qua
993 914 1118 979 ratione

97 1002 269 1087 Bortinae,
286 1000 503 1088 Isengriniani
522 1002 714 1085 exemplaris
728 1002 841 1087 editor,
860 1003 969 1067 officio
987 1003 1119 1068 functus

100 1092 153 1176 sit,
177 1090 325 1174 proditur
348 1091 494 1174 exemplo
512 1089 605 1155 Butr.
623 1089 640 1154 I
658 1093 716 1176 44,
745 1091 804 1155 ubi
824 1090 953 1155 Camers
977 1091 1120 1156 ediderat

104 1180 210 1262 Coepta
236 1199 325 1262 saepe
352 1185 470 1257 tamam
501 1179 558 1243 ille
583 1179 683 1244 verba
710 1179 949 1263 transponenda
977 1202 1046 1244 esse
1073 1181 1120 1245 in·

101 1271 214 1353 specto
247 1267 354 1359 codice
386 1289 445 1332 suo
477 1267 656 1354 intellexit,
693 1267 749 1331 sed
784 1290 882 1352 prave
916 1290 985 1332 rem
1016 1269 1119 1356 gessit

101 1357 248 1422 scribens
267 1354 364 1440 Saepe
386 1357 483 1439 coepit
499 1363 617 1434 tamem
641 1356 676 1421 in
694 1355 802 1421 codice
821 1357 906 1421 enim
924 1357 1029 1422 fluerat
1049 1357 1119 1422 sine

101 1445 202 1510 dubio
230 1443 327 1528 Saepe
359 1451 463 1510 tamea
494 1447 595 1528 acepit.
641 1445 733 1510 Duos
761 1444 885 1510 codices
913 1445 954 1509 ab
983 1469 1020 1511 eo
1050 1468 1119 1510 esse

94 1533 266 1598 ‘adhibitos
301 1533 411 1597 nescio
447 1555 489 1597 an
525 1533 765 1598 commendetur
806 1533 1007 1599 considerato
1045 1535 1118 1599 loco

98 1623 193 1688 Eutr.
211 1619 244 1686 H
262 1621 360 1706 praef.
375 1624 428 1706 27,
446 1621 504 1685 ubi
519 1620 649 1686 Camers
663 1624 842 1701 substratae,
861 1623 1020 1688 Bentinus
1040 1624 1119 1687 duas

98 1711 258 1776 lectiones
281 1710 422 1795 praebet,
439 1716 618 1793 prostratas
640 1711 675 1775 in
697 1730 802 1797 versu,
824 1713 960 1776 substitit
980 1711 1015 1776 in
1037 1734 1120 1776 mar·

102 1801 191 1886 gine3
214 1800 293 1863 item
314 1799 396 1864 Bell.
413 1796 498 1868 Gild.
520 1801 583 1864 124
607 1798 738 1865 Camers
758 1800 880 1883 ferales,
902 1800 1061 1865 Bentinus
1084 1800 1120 1864 in

99 1911 197 1954 versu
213 1888 345 1970 fatalis,
366 1887 402 1951 in
419 1910 483 1974 mg.
500 1889 611 1970 saratas
629 1889 737 1954 Acilia
748 1910 891 1972 pagabam
914 1889 1007 1953 Butr.
1022 1887 1039 1952 Ι
1055 1888 1119 1953 195

103 1977 234 2042 Camers
257 1997 328 2054 aaa,
351 1976 509 2041 Bentinus
533 1977 568 2040 in
590 2000 654 2063 mg.
677 1990 739 2043 aaa
763 1978 809 2042 ael
831 1998 915 2043 1111111.
957 1976 1020 2042 Sed
1041 1999 1121 2042 non-

100 2065 209 2131 nullas
231 2065 386 2130 lectiones
409 2065 517 2148 ipsum
538 2064 715 2131 Bentinum
742 2066 895 2131 audacius
919 2067 1120 2153 excogitasse

100 2176 299 2307 negarlltllle
314 2157 445 2307 Illllereltt
458 2238 507 2306 IV
534 2242 706 2307 consulatu
732 2241 873 2307 Honorii
900 2242 1025 2307 Birtius
1053 2264 1121 2307 rem

101 2331 244 2397 absolvit
262 2352 400 2402 necnon
419 2335 470 2394 sat
484 2330 551 2417 egit
565 2330 631 2395 fere
648 2332 686 2395 de
700 2331 792 2396 Bello
808 2330 957 2417 Gothico,
976 2331 1013 2396 de
1027 2331 1121 2396 libris

102 2420 138 2485 in
151 2419 316 2506 Rufinum,
335 2419 373 2483 de
393 2419 503 2504 Rapta
520 2420 741 2506 Proserpinae,
765 2421 901 2504 denique
921 2422 959 2485 de
976 2420 1122 2508 Panegy-

100 2509 170 2574 rico
184 2508 321 2573 Probini
340 2511 372 2572 et
385 2505 520 2592 Olybrii.
556 2508 692 2573 Perraro
711 2509 762 2574 vir
776 2509 983 2574 doctissimus
1002 2509 1122 2574 erravit

102 2619 156 2682 eo,
189 2597 275 2680 quod
299 2619 379 2680 quas
405 2597 512 2661 varias
539 2596 694 2662 lectiones
724 2596 854 2662 Camers
882 2599 917 2662 in
947 2598 1121 2682 appendice

102 2686 239 2750 editioni
267 2707 343 2750 suae
370 2685 536 2770 adnexuit,
566 2708 634 2750 non
666 2687 818 2771 contulit3
848 2691 940 2771 patet
970 2687 1055 2751 enim
1083 2709 1122 2750 ex

100 2774 164 2839 hac
200 2772 357 2838 Camertis
393 2773 568 2858 appendice
604 2779 750 2859 sumptas
782 2797 851 2840 esse
882 2773 1122 2862 Isengrinianas

103 2863 281 2947 scripturas
304 2863 376 2927 has:
398 2861 447 2927 IV
466 2885 552 2927 cons,
570 2862 655 2929 Hon.
671 2866 736 2929 284
755 2867 842 2947 qaod,
866 2865 929 2929 291
950 2866 1121 2943 laatetaaat,

102 2952 169 3017 425
188 2953 297 3036 infida,
316 2953 382 3017 614
403 2950 574 3030 Grataaaa',
596 2951 671 3016 Rus.
690 2949 706 3015 I
725 2954 788 3018 201
808 2954 890 3036 repis
914 2950 1012 3038 (hanc
1030 2974 1122 3016 suam

103 3039 322 3106 coniecturam
351 3061 420 3105 esse
448 3039 578 3105 Camers
610 3041 706 3125 plane
737 3039 889 3128 indicat),
920 3040 1000 3105 Bell.
1025 3040 1122 3106 Goth.

103 3131 170 3195 643
191 3131 299 3212 peratis,
321 3129 479 3216 Panegyr.
502 3129 598 3195 Prob.
619 3132 661 3196 83
684 3131 891 3214 triumphatis,
919 3130 983 3195 208
1008 3131 1123 3209 omina,

101 3217 200 3302 Rapt.
218 3214 267 3282 HI
286 3219 351 3284 320
369 3216 532 3305 1111111111)

196 3358 222 3426 1)
240 3355 424 3411 Memorabile
442 3355 473 3410 in
493 3355 622 3412 Gamerte
641 3357 695 3411 hoc
715 3357 792 3426 dico,
816 3356 891 3425 quod
913 3356 944 3411 in
967 3355 1123 3427 appendice

100 3427 154 3483 illa
173 3426 211 3481 ad
225 3429 354 3496 Aponum
372 3445 398 3483 v.
415 3433 430 3480 9
448 3429 478 3482 et
492 3433 526 3482 10
540 3429 674 3485 adnotat:
695 3429 748 3502 leat
762 3430 795 3485 la
806 3429 990 3486 uetustissimo
1003 3427 1134 3495 saepiae

96 3500 139 3557 sic
156 3499 223 3555 baec
241 3499 295 3554 duo
312 3501 449 3557 carmina:
