2438 3832
99 175 296 232 clauiuvn
313 177 442 234 uiuos.
462 178 742 248 coarvscmmr,
767 196 789 234 a.
806 180 1004 238 xxxv-xa.
1042 178 1108 245 251

97 338 189 404 Vidit
212 340 380 424 perspicuo
405 340 576 425 deprensas
599 365 758 407 marmore
781 344 944 429 lymphas,

143 428 232 492 Dura
256 429 373 512 quibus
397 431 475 494 solis
498 454 628 514 parcere
650 433 742 496 novit
765 432 882 517 hiems,

98 517 142 581 Et
167 518 287 581 siccum
309 518 454 604 relegens
477 519 577 584 labris
602 521 787 585 sitientibus
812 522 923 586 orbem
1098 538 1114 587 5

143 604 245 670 Inrita
268 607 422 689 quaesitis
446 609 556 672 oscula
578 610 651 674 fixit
675 610 777 693 aquis.

479 801 605 861 XXXIX.
624 802 731 874 (LXII.)

98 907 315 972 Marmoreum
337 930 377 972 ne
401 931 515 993 sperne
538 911 685 996 globum:
709 912 892 996 spectacula
914 912 1032 976 transit

144 997 246 1083 Regia
268 1018 328 1061 nee
350 997 463 1062 Rubro
486 999 582 1063 vilior
604 1001 666 1064 iste
689 1001 779 1065 mari.

98 1084 251 1150 Informis
274 1085 407 1172 glacieS,
431 1109 545 1151 saxum
567 1088 658 1172 rude,
681 1089 772 1153 nulla
795 1090 917 1176 figurae

145 1173 268 1238 Cratia:
293 1174 349 1238 sed
371 1198 459 1240 raras
482 1176 567 1240 inter
590 1176 728 1241 habetur
751 1200 836 1262 opes

526 1386 582 1444 xa.
600 1386 691 1457 (uni.)

348 1519 545 1578 EPISTVLA
568 1520 623 1578 AD
649 1519 866 1583 OLYBRIVM.

99 1637 184 1714 Quid
206 1659 290 1722 rear,
313 1637 440 1701 adfatus
464 1638 551 1722 quod
572 1661 639 1702 non
661 1638 741 1703 mihi
765 1639 877 1726 dirigis
900 1641 986 1705 ullos

143 1724 212 1791 Nee
234 1726 317 1790 redit
340 1727 464 1790 alterno
488 1727 604 1810 pollice
629 1727 723 1791 ducta
747 1727 859 1791 salus?

99 1814 308 1879 Scribendine
331 1813 445 1878 labor?
483 1814 545 1879 Sed
569 1837 649 1898 quae
672 1820 741 1880 tam
762 1838 864 1899 prona
887 1817 1039 1904 facultas,

147 1903 295 1968 Carmina
318 1924 375 1967 seu
397 1902 505 1966 fundis
529 1925 585 1967 seu
610 1903 761 1969 Cicerone
784 1906 902 1970 tonas?

100 1991 218 2057 Cedere
242 1992 363 2057 divitiis
388 1991 485 2055 animi
509 1991 640 2056 fortuna
663 1993 784 2058 fatetur
1098 2012 1113 2061 5

145 2081 189 2146 Et
212 2084 320 2145 tantas
345 2081 409 2145 oris
433 2081 524 2164 copia
547 2080 647 2146 vincit
671 2103 756 2166 opes.

100 2240 154 2304 An
176 2263 268 2304 rarus
292 2240 347 2324 qui
371 2241 490 2324 scripta
513 2241 618 2305 ferat?
656 2239 741 2318 Quin
762 2245 907 2325 tempore
928 2242 1020 2306 nullo

147 2329 281 2394 Cessant
303 2329 480 2394 Flaminiae
501 2330 726 2413 pulverulenta
749 2329 829 2398 viae.

100 2417 183 2483 Cum
205 2420 285 2483 fluat
307 2418 487 2506 ingenium,
511 2441 583 2483 eum
607 2419 649 2484 sit
674 2419 729 2502 qui
753 2419 838 2483 dicta
860 2424 1017 2507 reportet,

146 2506 246 2592 Quae,
269 2507 332 2572 m'si
355 2512 556 2594 contemnor,
580 2530 676 2573 causa
699 2508 811 2574 relicta
834 2508 918 2574 tibi?
1084 2529 1117 2578 10

101 2596 248 2680 Despicis
271 2618 348 2684 ergo
371 2600 477 2682 tuum,
501 2597 528 2661 si
552 2598 601 2661 fas
625 2602 675 2662 est
698 2597 838 2684 credero,
861 2603 968 2664 vatem

144 2685 304 2770 PerfiduS,
327 2690 359 2750 et
383 2687 487 2769 spatio
511 2686 699 2752 debilitatur
722 2709 820 2752 amor.

100 2841 328 2907 Excidimusne
350 2844 437 2909 tibi?
472 2845 592 2911 Lucem
614 2845 680 2910 iam
703 2846 818 2910 condet
841 2846 1025 2933 Hydaspes,

147 2931 191 2994 Et
215 2931 413 3018 Tartesiaco,
436 2931 506 3017 Sol,
530 2933 631 2997 oriere
653 2933 750 3019 vado,

101 3019 277 3084 Candescet
302 3019 423 3085 Getieis
445 3020 554 3085 Meroe
577 3043 731 3086 conversa
753 3023 878 3106 pruinis
1086 3044 1116 3091 15

147 3107 304 3192 Claraque
327 3132 360 3174 se
384 3110 485 3175 vetito
508 3109 636 3193 proluet
659 3109 744 3174 Vrsa
766 3111 862 3196 mari,

100 3199 159 3282 llt,
183 3199 211 3261 si
233 3199 298 3265 iam
320 3203 450 3264 nostros
474 3197 600 3262 fastidit
624 3196 777 3282 Olybrius
800 3199 906 3286 ignes,

147 3286 282 3352 Constat
306 3284 472 3352 Oresteam
493 3287 541 3351 nil
564 3287 704 3352 valuisse
727 3287 831 3353 fidem.

102 3445 188 3523 Quin
211 3470 270 3534 age
294 3469 406 3532 rumpe
429 3471 535 3513 moras
560 3448 786 3531 solaturusque
811 3448 953 3516 sodalem

148 3535 275 3600 Absens
299 3537 428 3620 eloquio
451 3537 608 3602 fertiliore
632 3536 722 3622 doce,
999 3599 1001 3602 ,
1088 3558 1133 3600 aa
