2438 3832
97 167 298 224 CARMINVM
312 167 488 223 MINORVM
504 168 780 238 CORPVSCVLVM,
795 185 818 224 c.
829 168 1029 223 XXI-XXIII.
1050 169 1117 233 225
1172 224 1174 228 ,

165 329 303 394 Emollit
325 330 449 395 rabiem
471 330 606 414 praedae
629 331 807 415 mortisque
833 331 980 395 facultas.
1108 356 1109 360 ¹

98 419 308 484 Praetereunt
332 420 477 484 subiecta
499 420 601 505 ferae,
623 420 772 502 torvique
795 420 918 505 leones,

97 507 187 584 Quae
211 508 364 572 stravisse
388 509 506 594 calent,
529 508 639 572 eadem
661 511 825 591 prostrata
848 508 1034 592 relinquunt

98 595 168 662 Nec
190 597 254 660 nisi
276 597 430 661 bellantis
453 596 601 683 gaudent·
619 597 738 661 cervice
762 597 888 661 iuvenci
1079 614 1113 662 30

96 684 269 750 Nobiliore
292 686 385 750 fame.
423 685 532 750 Secuit
553 686 719 750 nascentia
742 689 819 750 vota

98 774 198 838 Livor
221 777 253 837 et
276 774 405 860 ingesto
428 774 572 838 turbavit
595 775 713 860 gaudia
736 775 839 839 luctu:

99 861 235 926 Iamiam
259 862 426 950 suppliciis
447 864 553 927 fessos
575 863 778 947 humilesque
801 885 933 927 serenus

99 951 243 1034 Respice.
282 950 366 1027 Quid
388 955 480 1015 tanta
503 952 645 1038 dignaris
669 952 754 1016 mole
777 952 949 1016 clientem?

100 1037 139 1102 ln
162 1040 313 1104 brevibus
336 1063 514 1125 numquam
537 1061 606 1104 sese
628 1040 746 1124 probat
768 1039 891 1105 Aeolus
914 1039 1022 1124 undis,
1081 1055 1116 1104 35

99 1126 169 1192 Nec
193 1128 279 1211 capit
303 1133 460 1214 angustus
483 1128 605 1192 Boreae
629 1128 804 1193 certamina
827 1127 933 1192 collis:

99 1214 201 1300 Alpes
224 1216 280 1281 ille
304 1217 423 1302 quatit,
446 1217 635 1300 Rhodopeia
659 1217 800 1281 culmina
823 1217 933 1281 lassat.

98 1302 251 1369 Incubuit
274 1328 451 1388 numquam
474 1306 622 1370 caelestis
644 1307 774 1370 flamma
797 1305 920 1370 salictis

100 1392 170 1458 Nec
192 1395 284 1477 parvi
307 1394 440 1459 frutices
463 1395 545 1459 iram
567 1417 711 1459 meruere
734 1394 904 1459 Tonantis:

100 1479 254 1568 lugentes
279 1505 431 1569 quercus,
454 1505 592 1549 annosas
616 1484 768 1548 fulminat
792 1505 898 1548 omos.
1081 1499 1117 1549 40

167 1570 239 1634 Hoc
266 1593 325 1655 pro
349 1572 550 1657 supplicibus
577 1572 689 1658 ramis,
716 1594 775 1656 pro
802 1572 916 1637 fronde
939 1571 1116 1657 Minervae,

100 1657 174 1722 Hoc
197 1681 325 1724 carmen
346 1683 405 1745 pro
429 1665 501 1725 ture
526 1660 647 1726 damus.
684 1661 836 1726 Miserere
859 1665 998 1726 tuorum.

100 1746 167 1831 Me,
193 1770 321 1834 precor,
347 1749 424 1834 heu,
451 1772 503 1813 me
525 1749 621 1813 redde
647 1749 728 1813 mibi
751 1748 969 1836 gravibusque
991 1750 1117 1813 medere

100 1835 300 1900 Vulneribus
323 1837 487 1921 vitamque
509 1838 584 1901 iube
607 1838 790 1922 famamque
813 1837 939 1902 reverti.

100 1922 190 1999 Quae
213 1947 271 2009 per
294 1929 326 1988 te
351 1925 478 2010 cecidit,
500 1947 558 2009 per
581 1929 614 1989 te
636 1926 768 1990 fortuna
791 1930 947 2012 resurgat.
1083 1942 1117 1990 45

100 2011 207 2076 Sanus
230 2011 387 2077 Achilleis
410 2013 563 2078 remeavit
585 2013 747 2097 Telephus
769 2014 893 2099 herbis,

103 2099 202 2164 Cuius
225 2102 403 2185 pertulerat
425 2102 524 2188 vires,
548 2105 580 2166 et
604 2102 705 2166 sensit
727 2102 762 2166 in
784 2123 849 2166 uno

101 2189 247 2253 Letalem
269 2190 493 2274 placidamque
514 2213 659 2275 manum3
682 2190 839 2254 medicina
861 2211 919 2275 per
941 2189 1069 2254 hostem

103 2276 263 2363 Contigit,
287 2282 319 2350 et
341 2279 466 2362 pepulit
490 2301 571 2363 quos
594 2279 714 2342 fecerat
736 2277 806 2363 ipse
830 2277 965 2342 dolores.

171 2364 292 2442 Quodsi
314 2388 373 2430 nec
395 2367 545 2450 precibus
568 2368 647 2432 fletu
669 2389 728 2431 nec
750 2366 889 2431 flecteris
912 2367 997 2453 ullo,
1083 2384 1118 2434 oo

102 2454 201 2538 Eripe
226 2455 357 2519 calcatis
380 2477 448 2520 non
469 2478 624 2540 prospera
647 2455 777 2543 cingula
799 2456 917 2541 Musis,

101 2543 201 2627 Eripe
224 2543 388 2630 militiam,
412 2545 562 2610 comitem
584 2567 635 2609 me
657 2545 741 2629 pelle
765 2545 877 2610 sodali.

101 2631 232 2697 Scilicet
255 2633 394 2720 insignis
419 2633 456 2698 de
478 2656 618 2718 paupere
641 2637 714 2699 vate
737 2634 930 2718 triumphus.

102 2719 232 2786 Scilicet
256 2722 394 2808 egregiis
419 2723 573 2787 ornabere
596 2724 701 2787 victor
724 2723 848 2806 opimis.

102 2805 215 2871 lmuat
238 2810 273 2874 in
295 2811 431 2875 miseros
454 2816 592 2897 cognata
614 2812 761 2894 potentia
784 2811 883 2895 cives3
1084 2828 1121 2876 55

103 2894 224 2960 Audiat
246 2897 326 2962 haec
349 2921 517 2963 commune
541 2899 646 2962 solum
669 2900 829 2984 longeque
853 2897 970 2962 carinis

103 2983 193 3049 Nota
215 2985 356 3073 Pharos,
379 2989 572 3070 flentemque
596 2987 749 3050 attollens
773 2986 902 3073 gurgite
925 2986 1051 3051 vultum

103 3071 227 3138 Nostra
249 3081 357 3159 gemat
380 3074 477 3142 Nilus
500 3075 680 3140 numerosis
703 3075 818 3139 funera
839 3074 928 3158 ripis.

478 3231 576 3287 xxm.
598 3232 746 3301 (axin.)

182 3344 437 3406 ouranonrro
462 3348 507 3406 m
530 3317 743 3406 lcnrmvn
766 3345 1052 3417 ovansroann.

105 3444 159 3509 Sic
179 3469 245 3510 non
267 3444 470 3532 Aethiopum
493 3471 629 3538 campos
652 3452 785 3516 aestate
803 3466 993 3534 pererrem

134 3532 206 3596 Nec
228 3534 389 3620 Scythico
414 3538 575 3610 brumam
600 3543 667 3611 sub
689 3540 782 3610 lone
800 3535 926 3605 nudus
948 3544 1082 3609 uam-2

131 3651 365 3720 communiora,
387 3668 425 3709 ed.
442 3669 544 3716 Koch.
940 3633 985 3685 ᾖ
