2438 3832
368 141 656 200 ADNOTATIONES
676 141 850 198 CRITICAE.
1020 143 1120 198 XLVII
1191 156 1196 164 ·

98 306 154 357 596
174 302 351 373 rescissaque]
372 301 408 356 cf.
428 302 463 356 de
482 301 563 358 codd.
583 302 675 357 Cuius.
695 319 722 371 p.
738 306 781 358 58.

98 378 154 428 599
174 375 205 427 et
223 377 283 428 600.
315 371 346 426 in
363 373 426 427 loco
445 373 614 427 difficillimo
633 372 754 426 Birtium
778 372 858 441 sequi
880 373 973 428 minus
996 391 1121 444 possum,

175 443 224 513 qui
243 445 377 511 fundator
395 446 512 516 eripiaris
531 443 677 498 coniunxit
700 445 730 497 et
748 444 903 513 separavit,
931 444 1001 499 haec
1025 448 1120 500 autem

172 514 335 584 tautologia
361 514 563 569 molestissima
589 517 640 569 est.
682 517 829 584 praeterea
856 523 990 584 quautam
1017 518 1122 573 dederit

173 584 245 638 mihi
264 585 383 653 quidem·
397 602 453 639 non
472 585 625 653 sufficeret3
652 585 861 639 desideraretur
880 587 954 640 enim
973 587 1120 656 genetivus

173 672 209 710 ex
227 663 360 726 quantun
378 657 514 726 pendens.
550 656 646 725 itaque
671 656 739 710 olim
763 657 938 727 temptabam
962 676 1044 728 quam
1066 661 1122 714 cius

172 744 225 796 pro
244 735 386 798 quautam,
405 727 480 796 quod
497 730 594 781 tamen
608 744 658 782 cur
670 727 788 781 reiciam
802 728 994 797 unusquisque
1010 729 1121 784 sentiet.
1150 736 1159 755 ·

175 797 298 865 denique
322 813 413 879 paene
436 799 578 867 persuasit
599 797 672 851 mihi
695 797 834 853 Gesnerus
857 816 923 854 suae
945 802 1062 872 originis
1085 800 1122 854 ad

173 876 308 939 qucum
324 872 368 922 rta
385 870 513 938 trahens,
537 869 769 938 utintellegeret
790 872 933 942 inpertiam
956 870 1015 925 sive
1038 878 1121 926 uatu-

173 957 243 995 ram.
286 939 433 994 fatendum
461 957 526 994 vero
555 941 599 994 est
625 939 698 994 hanc
727 940 804 994 vocis
832 943 949 1012 originis
976 941 1121 996 notionem

175 1009 290 1064 aliunde
311 1027 356 1064 me
381 1010 492 1064 firmare
520 1027 577 1065 non
598 1027 690 1079 posse.
730 1010 765 1064 de
790 1014 931 1067 structura
953 1013 1033 1067 verbi
1056 1015 1123 1069 dare

176 1080 212 1136 cf.
231 1099 254 1136 c.
268 1099 304 1134 m.
319 1081 397 1136 XVII
411 1088 454 1136 43.

97 1157 156 1208 694
174 1154 268 1276 {calici}
281 1153 421 1278 {agasonis}
436 1152 500 1206 vide
514 1151 657 1221 Philologi
671 1154 739 1209 tom.
755 1151 842 1206 XLIX
855 1171 882 1222 p.
899 1158 958 1209 747.
985 1152 1019 1208 cf.
1035 1155 1121 1208 etiam

460 1311 609 1378 Carmina
632 1312 767 1379 Minora.

398 1433 631 1503 Conspectus
651 1436 830 1489 notarum.

105 1524 146 1579 G:
166 1522 227 1578 cod.
248 1521 440 1593 Sangallensis
459 1541 485 1577 n.
500 1527 566 1591 429,
591 1523 707 1578 membr.
733 1539 803 1578 saec.
818 1523 869 1593 IX,
897 1541 955 1579 non
977 1525 1122 1595 pertinens

164 1594 221 1647 nisi
240 1595 277 1647 ad
296 1593 568 1664 Gigantomachiam.

105 1665 146 1719 R:
167 1665 228 1719 eod.
246 1664 417 1720 Veronensis
437 1670 496 1734 163,
515 1664 632 1718 membr.
652 1681 725 1720 saec.
741 1665 787 1720 IX.

105 1736 145 1790 E:
165 1736 227 1791 cod.
247 1735 389 1791 Mediceus
407 1736 478 1805 plut.
494 1743 528 1791 33
548 1735 609 1791 cod.
625 1743 650 1804 9,
670 1739 792 1790 chartac.
813 1753 885 1791 saec.
900 1736 960 1792 XV.

118 1825 145 1860 e:
165 1809 298 1888 excerpta
316 1807 471 1876 Gyraldina
488 1805 519 1860 in
536 1806 664 1876 margine
683 1806 805 1861 Aldinae
825 1809 991 1876 exemplaris
1009 1808 1122 1877 Lugdu-

100 1948 144 2003 V=
164 1876 444 2004 dddffllsl'dtidariudn.
459 1953 538 2017 2809,
556 1948 672 2004 membr.
693 1965 766 2003 saec.
780 1949 839 2003 XIl.

106 2020 144 2074 Pr
164 2022 226 2076 cod.
245 2019 388 2074 Parisinus
407 2018 457 2074 lat.
476 2023 516 2088 18,
532 2026 593 2088 552,
611 2020 726 2075 membr.
747 2036 819 2074 saec.
834 2020 908 2075 XIII.

111 2091 143 2147 J:
162 2091 224 2146 cod.
258 2089 498 2159 cantabrigiensis
530 2090 595 2144 coll.
626 2090 788 2159 Trinitatis,
822 2090 858 2159 Ο,
877 2099 906 2160 3,
927 2096 974 2159 22,
1006 2091 1122 2147 membr.

101 2233 144 2288 Ar
164 2162 447 2287 dddiddliiosianus
467 2230 493 2286 S.
510 2237 544 2286 66
559 2249 629 2301 sup,
647 2232 763 2286 membr.
783 2249 855 2286 saec.
870 2231 929 2286 XV.

54 2342 64 2361 .
101 2305 146 2358 M:
166 2304 234 2384 cod¹
247 2303 449 2385 ambrosianus
468 2302 527 2358 Me
544 2320 617 2371 sup,
636 2303 752 2358 membr.
772 2319 843 2358 saec.
859 2303 1008 2375 XIIJXIII,
1031 2302 1122 2358 rarius

112 2448 146 2501 5:
166 2375 473 2501 dddildeliudeteriores?

148 2570 162 2623 Ι
213 2568 301 2623 Inscri
321 2569 427 2623 tionem
446 2570 493 2624 Ad
512 2569 686 2626 Stilichonem
704 2587 738 2624 ex
756 2568 779 2621 E
798 2569 919 2624 restitui.

119 2641 287 2696 V12recte
329 2639 411 2694 irtius
433 2640 579 2694 coniunxit
597 2656 651 2709 pro
674 2643 785 2709 cuspide
807 2643 877 2708 ferri
900 2647 999 2694 cancta
1018 2642 1123 2703 ,oolam

209 2713 301 2766 colare
320 2711 394 2766 enim
412 2711 494 2766 unice
513 2713 634 2780 quadrat
652 2710 689 2764 ad
707 2710 867 2781 cuspidem,
887 2712 916 2766 et
933 2710 1045 2765 tollitur
1062 2711 1123 2764 uni·

210 2782 359 2907 folrrgritas,
376 2799 432 2850 qua
451 2781 580 2852 singulae
599 2781 757 2836 sententiae
782 2781 908 2852 singulos
927 2799 1025 2837 versus
1049 2799 1122 2836 com-

210 2868 257 2922 pe
279 2855 336 2907 ant.
943 2912 946 2919 ,

103 2923 158 2979 VII
215 2923 249 2977 de
277 2923 416 2977 divisione
442 2922 525 2977 huius
553 2922 685 2977 carminis
713 2922 748 2978 cf.
770 2923 855 2977 Birtii
880 2924 969 2993 praef.
992 2941 1019 2992 p.
1039 2923 1123 2977 LXII.

211 2993 356 3048 debuisset
378 2995 427 3048 ille
450 2993 494 3048 vir
520 2994 618 3048 doetus
648 2994 768 3048 alteram
790 2997 900 3064 partem
923 3009 1039 3048 numero
1057 2993 1124 3046 VIlI

211 3066 323 3134 signare
342 3081 431 3133 eaque
449 3064 560 3119 ratione
578 3065 801 3120 numerationem
828 3065 983 3119 carminum
1006 3079 1124 3131 sequen-

210 3135 282 3190 tium
300 3139 418 3190 mutare.
451 3135 527 3205 quod
549 3153 623 3190 nunc
641 3152 677 3190 ne
695 3153 749 3206 ego
768 3136 882 3205 quidem
905 3135 973 3204 feci,
996 3150 1032 3188 ne
1056 3134 1125 3188 novi

211 3207 319 3261 numeri
338 3206 492 3261 lectoribus
510 3206 683 3263 offerrentur.

174 3285 192 3333 9
215 3278 360 3403 mimmii
379 3295 441 3332 cum
461 3277 514 3331 EA
532 3277 627 3347 refeci,
645 3296 701 3346 qua
720 3279 755 3334 de
769 3295 799 3333 re
819 3278 854 3333 cf.
869 3274 1073 3346 quae'exposui
1088 3275 1125 3328 ad

211 3351 265 3404 Pro
288 3354 369 3405 .231.

107 3421 145 3476 IX
159 3427 194 3476 29
213 3420 316 3492 twnor]
334 3423 417 3476 timor
434 3419 573 3490 meliores,
592 3421 668 3489 quod
685 3438 743 3476 non
761 3419 873 3474 sufficit.

159 3499 193 3549 39
212 3499 353 3564 saumque
370 3492 499 3565 murm]
520 3491 553 3546 cf.
572 3508 676 3565 paneg.
693 3491 781 3550 Prob.
796 3510 827 3550 u.
838 3497 888 3550 it.
