2438 3832
424 682 479 753 IN
506 681 790 754 EVTROPIVM

455 861 579 920 LIBER
601 860 761 920 PRIMVS.

547 994 670 1064 (111111.)

167 1103 341 1168 Semiferos
363 1107 477 1187 partus
499 1104 734 1187 metuendaque
757 1103 895 1189 pignora
917 1104 1014 1167 matri

98 1191 270 1256 Moenibus
294 1196 326 1256 et
349 1192 463 1256 mediis
486 1193 633 1257 auditum
655 1196 751 1257 116616
774 1192 926 1275 luporum

99 1280 247 1345 Murmur
271 1285 303 1344 et
326 1282 467 1345 attonito
490 1282 628 1365 pecudes
651 1285 781 1365 pastore
804 1281 930 1345 locutas

98 1369 144 1434 Et
167 1370 311 1453 lapidum
335 1370 431 1433 duras
454 1370 576 1434 hiemes
599 1370 774 1453 nimboque
799 1370 957 1434 minacem

100 1457 284 1544 sanguineo
307 1459 456 1522 rubuisse
480 1457 590 1523 Iovem
611 1463 791 1543 puteosque
815 1480 928 1523 cruore
1101 1474 1117 1522 5

99 1546 245 1611 Mutatus
267 1548 418 1632 visasque
441 1547 518 1631 polo
542 1569 731 1612 concurrere
754 1547 848 1611 lunas

99 1635 144 1699 Et
166 1636 314 1722 geminos
337 1635 422 1700 soles
445 1637 557 1700 mirari
580 1637 705 1700 desinat
729 1636 831 1700 orbis:

100 1723 216 1788 Omnia
239 1728 403 1788 cesserunt
427 1725 574 1789 eunucho
598 1725 730 1789 consule
756 1728 911 1788 monstra.

99 1811 172 1877 Heu
195 1817 300 1877 terrae
323 1813 466 1898 caelique
489 1814 606 1898 pudor!
643 1813 790 1878 trabeata
812 1835 870 1897 per
892 1813 989 1877 urbes

100 1900 290 1965 Ostentatur
313 1923 395 1967 anus
418 1903 615 1987 titulumque
638 1902 801 1966 effeminat
824 1903 909 1967 611111.
1084 1919 1117 1969 16

98 1989 234 2053 Pandite
257 1991 428 2074 pontifices
452 1989 614 2054 Cumanae
638 1991 779 2054 carmina
801 1991 895 2076 vatis,

98 2077 286 2142 Fulmineos
310 2079 424 2142 sollers
447 2079 581 2143 Etruria
605 2078 753 2143 consulat
774 2079 867 2164 ignes

99 2165 343 2250 inmersumque
365 2167 457 2231 nefas
480 2168 572 2232 fibris
596 2168 742 2251 exploret
764 2166 936 2253 haruspex,

101 2254 188 2331 Quae
211 2277 295 2321 nova
317 2256 513 2339 portendant
537 2257 654 2340 superi.
699 2255 837 2320 Nilusne
860 2261 969 2320 meatu

99 2343 220 2408 Devius
244 2348 276 2408 et
298 2345 403 2408 nostri
426 2349 565 2429 temptat
586 2346 652 2409 iam
675 2345 845 2432 transfuga
868 2345 979 2410 mundi
1084 2364 1116 2412 15

100 2431 140 2496 Se
163 2432 276 2497 Rubro
299 2433 432 2497 miscere
455 2434 560 2498 mari?
598 2438 737 2517 ruptone
759 2433 902 2517 Niphate

98 2520 241 2585 Rursum
263 2521 442 2586 barbaricis
466 2522 581 2587 Oriens
603 2523 786 2587 vastabitur
808 2523 929 2586 armis?

98 2608 151 2672 An
174 2610 281 2673 morbi
304 2614 439 2675 ventura
462 2612 555 2675 lues?
592 2634 634 2675 611
654 2611 746 2676 1111116
770 2612 885 2676 6616116

98 2697 306 2781 Responsura
330 2700 443 2785 seges?
481 2699 569 2777 Quae
591 2704 701 2764 tantas
724 2700 831 2784 expiet
853 2701 919 2764 iras

97 2785 261 2851 Victima?
293 2809 358 2871 quo
383 2789 468 2852 diras
490 2789 604 2876 iugulo
627 2789 828 2872 placabimus
851 2790 946 2854 aras?
1081 2809 1115 2858 20

100 2874 239 2940 Consule
262 2876 423 2941 lustrandi
446 2877 549 2942 fasces
572 2878 708 2961 ipsoque
732 2877 892 2942 litandum

63 3024 67 3030 .
97 2963 266 3051 Prodigi03
290 2966 514 3050 quodcumque
536 2971 653 3051 parant
676 2966 738 3031 hoc
762 2967 868 3031 omine
891 2967 967 3053 fata,

97 3052 278 3137 Eutropius
301 3055 422 3120 cervice
447 3056 525 3120 luat.

570 3143 624 3209 Sic
647 3145 755 3208 omnia
777 3144 882 3229 nobis,

97 3228 168 3294 Hoc
191 3231 469 3319 regni,F01tuna‚
492 3234 605 3297 tenes?
642 3231 806 3309 Quaenam
828 3233 893 3297 ista
915 3233 1043 3298 iocandi

97 3316 260 3384 Saevitia?
296 3320 447 3385 humanis
470 3326 628 3407 quantum
650 3322 848 3386 bacchabere
870 3321 989 3388 rebus?
1080 3340 1116 3388 ao

97 3406 132 3472 si
154 3408 217 3473 tibi
241 3409 350 3475 servili
372 3410 494 3493 placuit
517 3411 648 3477 foedare
671 3411 806 3478 curules
