<?xml version="1.0" encoding="UTF-8"?>
<!DOCTYPE html PUBLIC "-//W3C//DTD XHTML 1.0 Transitional//EN"
    "http://www.w3.org/TR/xhtml1/DTD/xhtml1-transitional.dtd">
<html xmlns="http://www.w3.org/1999/xhtml" xml:lang="en" lang="en">
 <head>
  <title>
</title>
<meta http-equiv="Content-Type" content="text/html;charset=utf-8" />
  <meta name='ocr-system' content='tesseract 3.04.00' />
  <meta name='ocr-capabilities' content='ocr_page ocr_carea ocr_par ocr_line ocrx_word'/>
</head>
<body>
  <div class='ocr_page' id='page_1' title='image "./claudiiclaudian05claugoog_0070.png"; bbox 0 0 2438 3832; ppageno 0'>
   <div class='ocr_carea' id='block_1_1' title="bbox 171 662 1035 879">
    <p class='ocr_par' dir='ltr' id='par_1_1' title="bbox 171 662 1035 879">
     <span class='ocr_line' id='line_1_1' title="bbox 171 662 1035 739; baseline -0.001 -1"><span class='ocrx_word' id='word_1_1' title='bbox 171 663 509 739; x_wconf 78' lang='lat' dir='ltr'><strong>PANEGYRIOVS</strong></span> <span class='ocrx_word' id='word_1_2' title='bbox 536 662 707 736; x_wconf 84' lang='lat' dir='ltr'><strong>DIOTVS</strong></span> <span class='ocrx_word' id='word_1_3' title='bbox 735 664 942 736; x_wconf 89' lang='lat' dir='ltr'>PROBINO</span> <span class='ocrx_word' id='word_1_4' title='bbox 971 665 1035 737; x_wconf 84' lang='grc' dir='ltr'>ΕΤ</span> 
     </span>
     <span class='ocr_line' id='line_1_2' title="bbox 339 803 875 879; baseline 0.002 -2"><span class='ocrx_word' id='word_1_5' title='bbox 339 804 543 877; x_wconf 89' lang='lat' dir='ltr'>OLYBRIO</span> <span class='ocrx_word' id='word_1_6' title='bbox 572 803 875 879; x_wconf 82' lang='lat' dir='ltr'><strong>CONSVLIBVS.</strong></span> 
     </span>
    </p>
   </div>
   <div class='ocr_carea' id='block_1_2' title="bbox 95 1082 1111 3201">
    <p class='ocr_par' dir='ltr' id='par_1_2' title="bbox 97 1082 1111 1700">
     <span class='ocr_line' id='line_1_3' title="bbox 168 1082 1089 1170; baseline 0 -20"><span class='ocrx_word' id='word_1_7' title='bbox 168 1085 234 1170; x_wconf 83' lang='lat' dir='ltr'>sol,</span> <span class='ocrx_word' id='word_1_8' title='bbox 258 1084 314 1168; x_wconf 91' lang='lat' dir='ltr'>qui</span> <span class='ocrx_word' id='word_1_9' title='bbox 336 1082 544 1169; x_wconf 89' lang='lat' dir='ltr'>flammigeris</span> <span class='ocrx_word' id='word_1_10' title='bbox 567 1083 723 1146; x_wconf 90' lang='lat' dir='ltr'>mundum</span> <span class='ocrx_word' id='word_1_11' title='bbox 746 1085 931 1168; x_wconf 84' lang='lat' dir='ltr'>complexus</span> <span class='ocrx_word' id='word_1_12' title='bbox 955 1085 1089 1150; x_wconf 79' lang='lat' dir='ltr'><strong>habenis</strong></span> 
     </span>
     <span class='ocr_line' id='line_1_4' title="bbox 98 1170 895 1257; baseline -0.001 -20"><span class='ocrx_word' id='word_1_13' title='bbox 98 1173 217 1238; x_wconf 84' lang='lat' dir='ltr'>Volvis</span> <span class='ocrx_word' id='word_1_14' title='bbox 241 1173 432 1237; x_wconf 86' lang='lat' dir='ltr'>inexhausto</span> <span class='ocrx_word' id='word_1_15' title='bbox 455 1170 621 1234; x_wconf 78' lang='lat' dir='ltr'>redeuntia</span> <span class='ocrx_word' id='word_1_16' title='bbox 645 1171 771 1235; x_wconf 89' lang='lat' dir='ltr'>saecula</span> <span class='ocrx_word' id='word_1_17' title='bbox 794 1177 895 1257; x_wconf 80' lang='lat' dir='ltr'>motu,</span> 
     </span>
     <span class='ocr_line' id='line_1_5' title="bbox 99 1259 940 1348; baseline -0.002 -22"><span class='ocrx_word' id='word_1_18' title='bbox 99 1261 224 1348; x_wconf 80' lang='lat' dir='ltr'>Sparge</span> <span class='ocrx_word' id='word_1_19' title='bbox 247 1261 332 1325; x_wconf 91' lang='lat' dir='ltr'>diem</span> <span class='ocrx_word' id='word_1_20' title='bbox 354 1259 487 1324; x_wconf 90' lang='lat' dir='ltr'>meliore</span> <span class='ocrx_word' id='word_1_21' title='bbox 510 1281 601 1323; x_wconf 91' lang='lat' dir='ltr'>coma</span> <span class='ocrx_word' id='word_1_22' title='bbox 624 1259 808 1342; x_wconf 82' lang='lat' dir='ltr'>crinemque</span> <span class='ocrx_word' id='word_1_23' title='bbox 831 1261 940 1345; x_wconf 89' lang='lat' dir='ltr'>repexi</span> 
     </span>
     <span class='ocr_line' id='line_1_6' title="bbox 97 1347 821 1434; baseline -0.003 -20"><span class='ocrx_word' id='word_1_24' title='bbox 97 1350 257 1414; x_wconf 91' lang='lat' dir='ltr'>Blandins</span> <span class='ocrx_word' id='word_1_25' title='bbox 281 1350 365 1413; x_wconf 93' lang='lat' dir='ltr'>elato</span> <span class='ocrx_word' id='word_1_26' title='bbox 389 1350 523 1434; x_wconf 88' lang='lat' dir='ltr'>surgant</span> <span class='ocrx_word' id='word_1_27' title='bbox 546 1351 673 1410; x_wconf 88' lang='lat' dir='ltr'>temone</span> <span class='ocrx_word' id='word_1_28' title='bbox 697 1347 821 1433; x_wconf 88' lang='lat' dir='ltr'>iugales</span> 
     </span>
     <span class='ocr_line' id='line_1_7' title="bbox 98 1435 1111 1522; baseline 0.002 -20"><span class='ocrx_word' id='word_1_29' title='bbox 98 1438 261 1502; x_wconf 83' lang='lat' dir='ltr'>Efflantes</span> <span class='ocrx_word' id='word_1_30' title='bbox 284 1458 412 1502; x_wconf 89' lang='lat' dir='ltr'>roseum</span> <span class='ocrx_word' id='word_1_31' title='bbox 434 1435 535 1500; x_wconf 82' lang='lat' dir='ltr'>frenis</span> <span class='ocrx_word' id='word_1_32' title='bbox 559 1435 785 1520; x_wconf 78' lang='lat' dir='ltr'>spumantibus</span> <span class='ocrx_word' id='word_1_33' title='bbox 809 1436 925 1522; x_wconf 83' lang='lat' dir='ltr'>ignem.</span> <span class='ocrx_word' id='word_1_34' title='bbox 1096 1458 1111 1504; x_wconf 86' lang='lat'><strong>5</strong></span> 
     </span>
     <span class='ocr_line' id='line_1_8' title="bbox 98 1523 923 1612; baseline -0.001 -21"><span class='ocrx_word' id='word_1_35' title='bbox 98 1525 171 1591; x_wconf 86' lang='lat' dir='ltr'>Iam</span> <span class='ocrx_word' id='word_1_36' title='bbox 193 1549 277 1590; x_wconf 86' lang='lat' dir='ltr'>nova</span> <span class='ocrx_word' id='word_1_37' title='bbox 300 1525 461 1612; x_wconf 86' lang='lat' dir='ltr'>germanis</span> <span class='ocrx_word' id='word_1_38' title='bbox 485 1523 624 1610; x_wconf 85' lang='lat' dir='ltr'>vestigia</span> <span class='ocrx_word' id='word_1_39' title='bbox 646 1528 797 1607; x_wconf 90' lang='lat' dir='ltr'>torqueat</span> <span class='ocrx_word' id='word_1_40' title='bbox 820 1547 923 1590; x_wconf 92' lang='lat' dir='ltr'>annus</span> 
     </span>
     <span class='ocr_line' id='line_1_9' title="bbox 100 1612 915 1700; baseline -0.001 -21"><span class='ocrx_word' id='word_1_41' title='bbox 100 1615 308 1700; x_wconf 80' lang='lat' dir='ltr'>Consulibus,</span> <span class='ocrx_word' id='word_1_42' title='bbox 330 1614 470 1697; x_wconf 86' lang='lat' dir='ltr'>laetique</span> <span class='ocrx_word' id='word_1_43' title='bbox 493 1616 605 1696; x_wconf 87' lang='lat' dir='ltr'>petant</span> <span class='ocrx_word' id='word_1_44' title='bbox 628 1612 759 1676; x_wconf 85' lang='lat' dir='ltr'>exordia</span> <span class='ocrx_word' id='word_1_45' title='bbox 781 1635 915 1678; x_wconf 81' lang='lat' dir='ltr'>menses</span> 
     </span>
    </p>

    <p class='ocr_par' dir='ltr' id='par_1_3' title="bbox 95 1701 1111 3201">
     <span class='ocr_line' id='line_1_10' title="bbox 168 1701 1051 1789; baseline 0 -22"><span class='ocrx_word' id='word_1_46' title='bbox 168 1703 239 1768; x_wconf 86' lang='lat' dir='ltr'>Scis</span> <span class='ocrx_word' id='word_1_47' title='bbox 262 1724 363 1789; x_wconf 87' lang='lat' dir='ltr'>genus</span> <span class='ocrx_word' id='word_1_48' title='bbox 386 1701 599 1785; x_wconf 81' lang='lat' dir='ltr'>Auchenium,</span> <span class='ocrx_word' id='word_1_49' title='bbox 620 1723 680 1765; x_wconf 92' lang='lat' dir='ltr'>nec</span> <span class='ocrx_word' id='word_1_50' title='bbox 702 1705 734 1765; x_wconf 89' lang='lat' dir='ltr'>te</span> <span class='ocrx_word' id='word_1_51' title='bbox 757 1701 880 1766; x_wconf 88' lang='lat' dir='ltr'>latuere</span> <span class='ocrx_word' id='word_1_52' title='bbox 903 1707 1051 1786; x_wconf 87' lang='lat' dir='ltr'>potentes</span> 
     </span>
     <span class='ocr_line' id='line_1_11' title="bbox 98 1789 920 1876; baseline -0.001 -21"><span class='ocrx_word' id='word_1_53' title='bbox 98 1791 293 1876; x_wconf 83' lang='lat' dir='ltr'>Amniadae3</span> <span class='ocrx_word' id='word_1_54' title='bbox 315 1813 391 1854; x_wconf 92' lang='lat' dir='ltr'>nam</span> <span class='ocrx_word' id='word_1_55' title='bbox 414 1811 508 1875; x_wconf 86' lang='lat' dir='ltr'>saepe</span> <span class='ocrx_word' id='word_1_56' title='bbox 531 1789 616 1853; x_wconf 88' lang='lat' dir='ltr'>soles</span> <span class='ocrx_word' id='word_1_57' title='bbox 640 1790 829 1855; x_wconf 87' lang='lat' dir='ltr'>ductoribus</span> <span class='ocrx_word' id='word_1_58' title='bbox 853 1791 920 1854; x_wconf 89' lang='lat' dir='ltr'>illis</span> 
     </span>
     <span class='ocr_line' id='line_1_12' title="bbox 96 1877 1111 1947; baseline 0.003 -4"><span class='ocrx_word' id='word_1_59' title='bbox 96 1879 284 1943; x_wconf 89' lang='lat' dir='ltr'>Instaurare</span> <span class='ocrx_word' id='word_1_60' title='bbox 306 1879 376 1943; x_wconf 85' lang='lat' dir='ltr'>vias</span> <span class='ocrx_word' id='word_1_61' title='bbox 399 1883 431 1942; x_wconf 90' lang='lat' dir='ltr'>et</span> <span class='ocrx_word' id='word_1_62' title='bbox 455 1877 602 1942; x_wconf 81' lang='lat' dir='ltr'>cursibus</span> <span class='ocrx_word' id='word_1_63' title='bbox 626 1878 740 1942; x_wconf 89' lang='lat' dir='ltr'>addere</span> <span class='ocrx_word' id='word_1_64' title='bbox 763 1900 888 1943; x_wconf 87' lang='lat' dir='ltr'>nomen.</span> <span class='ocrx_word' id='word_1_65' title='bbox 1081 1900 1111 1947; x_wconf 87' lang='grc' dir='ltr'>ιο</span> 
     </span>
     <span class='ocr_line' id='line_1_13' title="bbox 96 1965 996 2050; baseline 0.001 -19"><span class='ocrx_word' id='word_1_66' title='bbox 96 1966 162 2031; x_wconf 91' lang='lat' dir='ltr'>His</span> <span class='ocrx_word' id='word_1_67' title='bbox 185 1988 288 2050; x_wconf 88' lang='lat' dir='ltr'>neque</span> <span class='ocrx_word' id='word_1_68' title='bbox 311 1989 368 2050; x_wconf 92' lang='lat' dir='ltr'>per</span> <span class='ocrx_word' id='word_1_69' title='bbox 390 1966 524 2031; x_wconf 92' lang='lat' dir='ltr'>dubium</span> <span class='ocrx_word' id='word_1_70' title='bbox 546 1965 663 2049; x_wconf 81' lang='lat' dir='ltr'>pendet</span> <span class='ocrx_word' id='word_1_71' title='bbox 685 1965 830 2030; x_wconf 86' lang='lat' dir='ltr'>Fortuna</span> <span class='ocrx_word' id='word_1_72' title='bbox 852 1968 996 2032; x_wconf 89' lang='lat' dir='ltr'>favorem</span> 
     </span>
     <span class='ocr_line' id='line_1_14' title="bbox 97 2053 925 2139; baseline -0.001 -19"><span class='ocrx_word' id='word_1_73' title='bbox 97 2055 169 2120; x_wconf 90' lang='lat' dir='ltr'>Nec</span> <span class='ocrx_word' id='word_1_74' title='bbox 191 2056 283 2120; x_wconf 86' lang='lat' dir='ltr'>novit</span> <span class='ocrx_word' id='word_1_75' title='bbox 305 2059 430 2119; x_wconf 86' lang='lat' dir='ltr'>mutare</span> <span class='ocrx_word' id='word_1_76' title='bbox 452 2055 548 2139; x_wconf 75' lang='lat' dir='ltr'>vices,</span> <span class='ocrx_word' id='word_1_77' title='bbox 571 2053 627 2118; x_wconf 88' lang='lat' dir='ltr'>sed</span> <span class='ocrx_word' id='word_1_78' title='bbox 649 2055 733 2118; x_wconf 82' lang='lat' dir='ltr'>fixus</span> <span class='ocrx_word' id='word_1_79' title='bbox 757 2054 792 2118; x_wconf 87' lang='lat' dir='ltr'>in</span> <span class='ocrx_word' id='word_1_80' title='bbox 815 2078 925 2119; x_wconf 92' lang='lat' dir='ltr'>omnes</span> 
     </span>
     <span class='ocr_line' id='line_1_15' title="bbox 100 2141 1004 2230; baseline 0 -22"><span class='ocrx_word' id='word_1_81' title='bbox 100 2144 266 2230; x_wconf 83' lang='lat' dir='ltr'>Cognatos</span> <span class='ocrx_word' id='word_1_82' title='bbox 289 2143 434 2227; x_wconf 86' lang='lat' dir='ltr'>procedit</span> <span class='ocrx_word' id='word_1_83' title='bbox 457 2142 569 2206; x_wconf 84' lang='lat' dir='ltr'>honos.</span> <span class='ocrx_word' id='word_1_84' title='bbox 616 2141 854 2226; x_wconf 82' lang='lat' dir='ltr'>Quemcumque</span> <span class='ocrx_word' id='word_1_85' title='bbox 878 2144 1004 2227; x_wconf 87' lang='lat' dir='ltr'>require</span> 
     </span>
     <span class='ocr_line' id='line_1_16' title="bbox 98 2231 1055 2316; baseline 0.002 -20"><span class='ocrx_word' id='word_1_86' title='bbox 98 2232 171 2297; x_wconf 92' lang='lat' dir='ltr'>Hac</span> <span class='ocrx_word' id='word_1_87' title='bbox 196 2233 234 2296; x_wconf 88' lang='lat' dir='ltr'>de</span> <span class='ocrx_word' id='word_1_88' title='bbox 257 2232 358 2316; x_wconf 85' lang='lat' dir='ltr'>stirpe</span> <span class='ocrx_word' id='word_1_89' title='bbox 380 2231 499 2295; x_wconf 85' lang='lat' dir='ltr'>virum:</span> <span class='ocrx_word' id='word_1_90' title='bbox 523 2235 646 2294; x_wconf 87' lang='lat' dir='ltr'>certum</span> <span class='ocrx_word' id='word_1_91' title='bbox 669 2236 718 2295; x_wconf 89' lang='lat' dir='ltr'>est</span> <span class='ocrx_word' id='word_1_92' title='bbox 742 2232 780 2295; x_wconf 91' lang='lat' dir='ltr'>de</span> <span class='ocrx_word' id='word_1_93' title='bbox 804 2233 935 2296; x_wconf 86' lang='lat' dir='ltr'>consule</span> <span class='ocrx_word' id='word_1_94' title='bbox 957 2234 1055 2298; x_wconf 86' lang='lat' dir='ltr'>nasci.</span> 
     </span>
     <span class='ocr_line' id='line_1_17' title="bbox 96 2318 1110 2402; baseline 0.004 -18"><span class='ocrx_word' id='word_1_95' title='bbox 96 2320 161 2384; x_wconf 90' lang='lat' dir='ltr'>Per</span> <span class='ocrx_word' id='word_1_96' title='bbox 184 2321 287 2384; x_wconf 89' lang='lat' dir='ltr'>fasces</span> <span class='ocrx_word' id='word_1_97' title='bbox 309 2323 519 2384; x_wconf 83' lang='lat' dir='ltr'>numerantur</span> <span class='ocrx_word' id='word_1_98' title='bbox 541 2318 593 2383; x_wconf 75' lang='lat' dir='ltr'>avi</span> <span class='ocrx_word' id='word_1_99' title='bbox 616 2341 805 2402; x_wconf 88' lang='lat' dir='ltr'>semperque</span> <span class='ocrx_word' id='word_1_100' title='bbox 828 2325 938 2385; x_wconf 84' lang='lat' dir='ltr'>renata</span> <span class='ocrx_word' id='word_1_101' title='bbox 1079 2341 1110 2388; x_wconf 80' lang='lat' dir='ltr'>ro</span> 
     </span>
     <span class='ocr_line' id='line_1_18' title="bbox 96 2407 914 2492; baseline -0.001 -19"><span class='ocrx_word' id='word_1_102' title='bbox 96 2407 283 2474; x_wconf 88' lang='lat' dir='ltr'>Nobilitate</span> <span class='ocrx_word' id='word_1_103' title='bbox 306 2408 421 2492; x_wconf 79' lang='lat' dir='ltr'>virent,</span> <span class='ocrx_word' id='word_1_104' title='bbox 444 2411 475 2470; x_wconf 84' lang='lat' dir='ltr'>et</span> <span class='ocrx_word' id='word_1_105' title='bbox 497 2407 622 2492; x_wconf 88' lang='lat' dir='ltr'>prolem</span> <span class='ocrx_word' id='word_1_106' title='bbox 644 2408 712 2471; x_wconf 89' lang='lat' dir='ltr'>fata</span> <span class='ocrx_word' id='word_1_107' title='bbox 736 2413 914 2491; x_wconf 89' lang='lat' dir='ltr'>sequuntur</span> 
     </span>
     <span class='ocr_line' id='line_1_19' title="bbox 99 2495 876 2582; baseline 0 -21"><span class='ocrx_word' id='word_1_108' title='bbox 99 2496 299 2561; x_wconf 78' lang='lat' dir='ltr'>Continuam</span> <span class='ocrx_word' id='word_1_109' title='bbox 322 2496 423 2560; x_wconf 89' lang='lat' dir='ltr'>simili</span> <span class='ocrx_word' id='word_1_110' title='bbox 446 2495 607 2560; x_wconf 85' lang='lat' dir='ltr'>servantia</span> <span class='ocrx_word' id='word_1_111' title='bbox 629 2495 701 2582; x_wconf 88' lang='lat' dir='ltr'>lege</span> <span class='ocrx_word' id='word_1_112' title='bbox 723 2500 876 2561; x_wconf 86' lang='lat' dir='ltr'>tenorem.</span> 
     </span>
     <span class='ocr_line' id='line_1_20' title="bbox 96 2584 1067 2670; baseline 0.002 -20"><span class='ocrx_word' id='word_1_113' title='bbox 96 2584 169 2650; x_wconf 89' lang='lat' dir='ltr'>Nec</span> <span class='ocrx_word' id='word_1_114' title='bbox 192 2584 363 2668; x_wconf 91' lang='lat' dir='ltr'>quisquam</span> <span class='ocrx_word' id='word_1_115' title='bbox 385 2605 554 2669; x_wconf 89' lang='lat' dir='ltr'>procerum</span> <span class='ocrx_word' id='word_1_116' title='bbox 576 2587 723 2670; x_wconf 79' lang='lat' dir='ltr'>temptat,</span> <span class='ocrx_word' id='word_1_117' title='bbox 745 2584 822 2649; x_wconf 89' lang='lat' dir='ltr'>licet</span> <span class='ocrx_word' id='word_1_118' title='bbox 845 2607 916 2650; x_wconf 89' lang='lat' dir='ltr'>aere</span> <span class='ocrx_word' id='word_1_119' title='bbox 939 2592 1067 2652; x_wconf 85' lang='lat' dir='ltr'>vetusto</span> 
     </span>
     <span class='ocr_line' id='line_1_21' title="bbox 96 2672 840 2758; baseline -0.001 -20"><span class='ocrx_word' id='word_1_120' title='bbox 96 2672 230 2739; x_wconf 87' lang='lat' dir='ltr'>Floreat</span> <span class='ocrx_word' id='word_1_121' title='bbox 253 2677 285 2737; x_wconf 86' lang='lat' dir='ltr'>et</span> <span class='ocrx_word' id='word_1_122' title='bbox 309 2673 395 2737; x_wconf 92' lang='lat' dir='ltr'>claro</span> <span class='ocrx_word' id='word_1_123' title='bbox 419 2673 568 2758; x_wconf 86' lang='lat' dir='ltr'>cingatur</span> <span class='ocrx_word' id='word_1_124' title='bbox 589 2672 694 2736; x_wconf 89' lang='lat' dir='ltr'>Roma</span> <span class='ocrx_word' id='word_1_125' title='bbox 716 2678 840 2758; x_wconf 80' lang='lat' dir='ltr'>senatu,</span> 
     </span>
     <span class='ocr_line' id='line_1_22' title="bbox 98 2760 1110 2846; baseline 0.003 -20"><span class='ocrx_word' id='word_1_126' title='bbox 98 2761 140 2826; x_wconf 87' lang='lat' dir='ltr'>Se</span> <span class='ocrx_word' id='word_1_127' title='bbox 164 2762 284 2826; x_wconf 89' lang='lat' dir='ltr'>iactare</span> <span class='ocrx_word' id='word_1_128' title='bbox 306 2783 429 2845; x_wconf 80' lang='lat' dir='ltr'>parem3</span> <span class='ocrx_word' id='word_1_129' title='bbox 452 2761 517 2846; x_wconf 73' lang='lat' dir='ltr'>sed,</span> <span class='ocrx_word' id='word_1_130' title='bbox 539 2761 643 2844; x_wconf 89' lang='lat' dir='ltr'>prima</span> <span class='ocrx_word' id='word_1_131' title='bbox 667 2760 740 2825; x_wconf 88' lang='lat' dir='ltr'>sede</span> <span class='ocrx_word' id='word_1_132' title='bbox 763 2761 876 2826; x_wconf 89' lang='lat' dir='ltr'>relicta</span> <span class='ocrx_word' id='word_1_133' title='bbox 1077 2782 1110 2830; x_wconf 77' lang='lat'>20</span> 
     </span>
     <span class='ocr_line' id='line_1_23' title="bbox 96 2849 861 2935; baseline 0 -21"><span class='ocrx_word' id='word_1_134' title='bbox 96 2849 288 2935; x_wconf 80' lang='lat' dir='ltr'>Aucheniis‚</span> <span class='ocrx_word' id='word_1_135' title='bbox 311 2851 349 2914; x_wconf 89' lang='lat' dir='ltr'>de</span> <span class='ocrx_word' id='word_1_136' title='bbox 372 2850 441 2913; x_wconf 89' lang='lat' dir='ltr'>inre</span> <span class='ocrx_word' id='word_1_137' title='bbox 463 2849 540 2914; x_wconf 84' lang='lat' dir='ltr'>licet</span> <span class='ocrx_word' id='word_1_138' title='bbox 564 2853 686 2914; x_wconf 88' lang='lat' dir='ltr'>certare</span> <span class='ocrx_word' id='word_1_139' title='bbox 709 2851 861 2914; x_wconf 88' lang='lat' dir='ltr'>secundo:</span> 
     </span>
     <span class='ocr_line' id='line_1_24' title="bbox 95 2937 1064 3024; baseline 0.002 -22"><span class='ocrx_word' id='word_1_140' title='bbox 95 2938 196 3002; x_wconf 88' lang='lat' dir='ltr'>Haud</span> <span class='ocrx_word' id='word_1_141' title='bbox 219 2960 311 3003; x_wconf 86' lang='lat' dir='ltr'>secus</span> <span class='ocrx_word' id='word_1_142' title='bbox 334 2960 371 3002; x_wconf 87' lang='lat' dir='ltr'>ac</span> <span class='ocrx_word' id='word_1_143' title='bbox 393 2937 526 3002; x_wconf 88' lang='lat' dir='ltr'>tacitam</span> <span class='ocrx_word' id='word_1_144' title='bbox 548 2937 640 3002; x_wconf 88' lang='lat' dir='ltr'>Luna</span> <span class='ocrx_word' id='word_1_145' title='bbox 663 2943 817 3024; x_wconf 88' lang='lat' dir='ltr'>regnante</span> <span class='ocrx_word' id='word_1_146' title='bbox 839 2962 897 3023; x_wconf 87' lang='lat' dir='ltr'>per</span> <span class='ocrx_word' id='word_1_147' title='bbox 920 2941 1064 3004; x_wconf 86' lang='lat' dir='ltr'>aethram</span> 
     </span>
     <span class='ocr_line' id='line_1_25' title="bbox 96 3026 853 3111; baseline 0.001 -21"><span class='ocrx_word' id='word_1_148' title='bbox 96 3026 249 3091; x_wconf 84' lang='lat' dir='ltr'>Sidereae</span> <span class='ocrx_word' id='word_1_149' title='bbox 272 3027 387 3090; x_wconf 87' lang='lat' dir='ltr'>cedunt</span> <span class='ocrx_word' id='word_1_150' title='bbox 411 3026 505 3111; x_wconf 81' lang='lat' dir='ltr'>acies,</span> <span class='ocrx_word' id='word_1_151' title='bbox 528 3047 601 3089; x_wconf 90' lang='lat' dir='ltr'>cnm</span> <span class='ocrx_word' id='word_1_152' title='bbox 622 3027 722 3090; x_wconf 82' lang='lat' dir='ltr'>fratre</span> <span class='ocrx_word' id='word_1_153' title='bbox 744 3031 853 3091; x_wconf 87' lang='lat' dir='ltr'>retuso</span> 
     </span>
     <span class='ocr_line' id='line_1_26' title="bbox 95 3113 911 3201; baseline 0.001 -22"><span class='ocrx_word' id='word_1_154' title='bbox 95 3114 256 3179; x_wconf 84' lang='lat' dir='ltr'>Aemulus</span> <span class='ocrx_word' id='word_1_155' title='bbox 280 3113 422 3179; x_wconf 89' lang='lat' dir='ltr'>adversis</span> <span class='ocrx_word' id='word_1_156' title='bbox 444 3114 630 3200; x_wconf 84' lang='lat' dir='ltr'>flagraverit</span> <span class='ocrx_word' id='word_1_157' title='bbox 653 3114 785 3201; x_wconf 78' lang='lat' dir='ltr'>ignibus</span> <span class='ocrx_word' id='word_1_158' title='bbox 809 3116 911 3201; x_wconf 79' lang='lat' dir='ltr'>orbis3</span> 
     </span>
    </p>
   </div>
   <div class='ocr_carea' id='block_1_3' title="bbox 96 3287 1108 3510">
    <p class='ocr_par' dir='ltr' id='par_1_4' title="bbox 96 3287 1108 3510">
     <span class='ocr_line' id='line_1_27' title="bbox 172 3287 1108 3361; baseline 0.003 -19"><span class='ocrx_word' id='word_1_159' title='bbox 172 3294 187 3342; x_wconf 84' lang='lat'>9</span> <span class='ocrx_word' id='word_1_160' title='bbox 206 3287 374 3358; x_wconf 81' lang='lat' dir='ltr'>Amnicdae]</span> <span class='ocrx_word' id='word_1_161' title='bbox 392 3290 505 3359; x_wconf 75' lang='lat' dir='ltr'>scripst;</span> <span class='ocrx_word' id='word_1_162' title='bbox 523 3287 679 3343; x_wconf 87' lang='lat' dir='ltr'>Anniadae.</span> <span class='ocrx_word' id='word_1_163' title='bbox 784 3296 817 3343; x_wconf 77' lang='lat'>22</span> <span class='ocrx_word' id='word_1_164' title='bbox 839 3289 979 3361; x_wconf 87' lang='lat' dir='ltr'>aethram]</span> <span class='ocrx_word' id='word_1_165' title='bbox 997 3291 1108 3361; x_wconf 53' lang='lat' dir='ltr'>scriptu</span> 
     </span>
     <span class='ocr_line' id='line_1_28' title="bbox 96 3361 205 3414; baseline 0.009 -1"><span class='ocrx_word' id='word_1_166' title='bbox 96 3361 205 3414; x_wconf 83' lang='lat' dir='ltr'>arcton.</span> 
     </span>
     <span class='ocr_line' id='line_1_29' title="bbox 153 3456 901 3510; baseline -0.001 -12"><span class='ocrx_word' id='word_1_167' title='bbox 153 3456 295 3498; x_wconf 72' lang='lat' dir='ltr'>Onsvmm</span> <span class='ocrx_word' id='word_1_168' title='bbox 309 3459 372 3510; x_wconf 64' lang='lat'>022,</span> <span class='ocrx_word' id='word_1_169' title='bbox 391 3459 424 3499; x_wconf 85' lang='lat' dir='ltr'>ed.</span> <span class='ocrx_word' id='word_1_170' title='bbox 438 3457 524 3500; x_wconf 87' lang='lat' dir='ltr'>Koch.</span> <span class='ocrx_word' id='word_1_171' title='bbox 883 3458 901 3505; x_wconf 63' lang='lat' dir='ltr'>x</span> 
     </span>
    </p>
   </div>
   <div class='ocr_carea' id='block_1_4' title="bbox 0 0 1224 3832">
    <p class='ocr_par' dir='ltr' id='par_1_5' title="bbox 0 0 1224 3832">
     <span class='ocr_line' id='line_1_30' title="bbox 0 0 1224 3832; baseline 0 2"><span class='ocrx_word' id='word_1_172' title='bbox 0 0 1224 3832; x_wconf 95' lang='lat' dir='ltr'> </span> 
     </span>
    </p>
   </div>
  </div>
 </body>
</html>
