2438 3832
99 165 234 235 (XXXV.)
248 163 297 218 DE
311 163 434 219 RAPTV
443 158 698 218 PROSERPINAE
712 164 822 219 LIBER
832 164 1030 224 SECVNDVS.
1051 168 1116 232 2l9

171 326 235 392 ‘sis
257 349 381 391 memor
404 348 422 390 o
445 327 643 413 longumque
666 328 745 392 vale.
782 328 975 394 Reverentia
998 330 1101 414 patris

103 414 242 480 Obstitit
265 416 402 502 auxilio,
423 438 483 481 neo
504 438 565 480 nos
589 417 757 481 defendere
780 421 893 482 contra
1067 437 1119 486 235
1165 458 1169 464 ·

102 505 293 570 Possumus:
316 505 453 590 imperio
476 505 563 571 vinci
585 506 706 571 maiore
729 507 876 573 fatemur.

102 592 143 659 In
164 599 197 659 te
221 593 367 659 coniurat
391 594 519 681 genitor
541 596 726 680 populoque
752 596 861 660 silenti

103 682 266 770 Traderis,
288 684 365 748 haul
389 684 520 767 cupidas
543 706 610 749 non
633 685 823 769 adspectura
847 707 974 750 sorores

102 771 344 857 Aequalemque
367 773 509 837 chorum.
547 773 635 851 Quae
657 778 690 839 11
713 775 845 839 fortuna
869 775 1016 862 supernis

101 860 251 927 Abstulit
274 866 306 927 et
329 865 422 927 tanto
446 862 610 927 damnavit
634 863 739 928 sidera
761 864 874 928 luctu?
1066 882 1120 931 240

102 949 172 1016 Iam
194 973 298 1035 neque
320 950 505 1015 Partheniis
527 952 690 1017 innectere
713 953 795 1017 retia
817 952 932 1017 lustris

101 1038 171 1105 Nec
193 1041 379 1125 pharetram
401 1044 529 1126 gestare
552 1041 645 1106 libet:
670 1064 801 1121 securus
824 1042 945 1127 ubique

102 1127 237 1213 Spumet
260 1151 337 1213 aper
360 1129 510 1213 saevique
533 1129 672 1194 fremant
694 1131 826 1214 impune
848 1131 966 1196 leones.

102 1217 148 1282 Te
170 1218 247 1306 iuga
271 1219 423 1304 Taygeti,
445 1218 555 1302 posito
578 1223 611 1282 11
633 1219 781 1283 Maenala
804 1220 928 1284 flebunt

100 1306 231 1371 Venatu
252 1311 442 1390 maestoque
465 1308 520 1371 diu
543 1308 695 1394 lugebere
719 1307 857 1392 Cyntho,
1067 1325 1120 1377 141

101 1396 259 1480 Delphica
282 1397 363 1481 quin
385 1396 483 1461 etiam
505 1397 616 1461 fratris
640 1397 774 1461 delubra
796 1399 971 1464 tacebunt?

168 1484 294 1550 Interea
316 1486 441 1551 volucri
463 1486 567 1551 fertur
588 1486 783 1572 Proserpina
805 1509 902 1552 curru

102 1573 283 1640 Caesariem
306 1575 423 1639 diffusa
444 1574 534 1641 Noto
556 1576 754 1661 planctuque
775 1578 914 1642 lacertos

102 1662 262 1728 Verberat
285 1668 317 1728 et
341 1669 475 1748 questus
499 1665 540 1728 ad
561 1665 675 1729 nubila
697 1666 802 1730 tendit
826 1666 951 1731 inanes:

170 1752 248 1817 ‘Cur
269 1775 336 1817 non
358 1754 485 1818 torsisti
507 1754 658 1818 manibus
681 1754 840 1819 fabricata
864 1754 1043 1839 Cyclopum
1067 1771 1119 1822 ‘roo

81 1838 142 1904 'ln
163 1863 224 1905 nos
246 1842 326 1927 tela,
348 1843 462 1925 pater?
499 1841 553 1906 Sic
575 1865 627 1907 me
650 1843 833 1907 crudelibus
856 1844 980 1907 umbris

102 1929 253 2016 Tradere,
277 1930 323 1995 sic
346 1934 417 1995 toto
440 1931 563 2014 placuit
587 1931 745 2015 depellere
767 1932 909 1997 mundo?

102 2017 243 2084 Nullane
265 2023 299 2084 te
321 2020 424 2084 flectit
446 2013 550 2104 pietas
572 2020 775 2104 nihilumque
797 2025 950 2105 paternae

102 2107 222 2173 Mentis
245 2109 353 2173 inest?
390 2108 511 2173 Tantas
535 2131 599 2192 quo
624 2109 757 2174 crimine
780 2111 940 2175 movimus
963 2111 1051 2176 iras?

102 2196 179 2262 Non
202 2220 276 2284 ego,
300 2220 373 2262 cum
395 2198 509 2281 rapido
533 2198 671 2262 saeuiret
692 2198 834 2286 Phlegra
856 2200 1013 2285 tumultu,
1065 2216 1118 2266 111

102 2285 204 2372 Signa
227 2287 295 2351 deis
319 2287 451 2352 adversa
473 2287 550 2374 tuli3
572 2309 640 2352 non
661 2288 778 2352 robore
799 2293 913 2354 nostro

103 2372 185 2439 Ossa
206 2376 399 2460 pruinosum
420 2376 509 2440 vexit
532 2376 680 2463 glacialis
704 2375 886 2461 Olympum.

103 2463 197 2540 Quod
219 2470 335 2530 conata
357 2465 449 2530 nefas
473 2469 529 2530 aut
553 2466 644 2530 ouius
668 2467 796 2531 conscia
819 2467 931 2551 culpae
1012 2551 1015 2556 .

101 2553 189 2619 Exul
213 2555 253 2619 ad
274 2555 420 2620 inmanes
438 2555 543 2634 Erebi
566 2555 719 2620 detrudor
740 2555 873 2621 hiatus?

102 2641 129 2707 0
154 2645 336 2710 fortunatas
360 2645 416 2709 1111
439 2667 657 2729 quascumque
679 2645 784 2710 tulere
1066 2663 1119 2714 uuo

101 2731 275 2817 Raptoresl
299 2734 414 2799 saltem
438 2735 601 2799 communi
624 2735 692 2799 sole
715 2735 876 2799 fruuntur.

102 2818 165 2885 Sed
187 2823 269 2900 inihi
291 2823 464 2910 virginitas
486 2824 608 2908 pariter
631 2824 818 2908 caelumque
840 2826 991 2910 negatur,

101 2909 250 2994 Eripitur
272 2934 346 2976 oum
368 2912 439 2976 luce
461 2912 578 2997 pudor,
600 2912 761 2995 terrisque
783 2912 905 2977 relictis

102 2997 265 3064 Servitum
288 2999 402 3087 Stygio
428 3001 526 3065 ducor
549 3001 676 3085 captiva
698 3005 846 3084 tyranno.

102 3085 129 3151 0
153 3088 236 3152 male
259 3089 369 3154 dilecti
391 3090 488 3153 flores
510 3090 723 3174 despectaque
746 3090 860 3154 matris
1066 3107 1119 3158 teo

102 3175 258 3242 Consilial
283 3200 302 3243 o
324 3178 460 3243 Veneris
484 3178 657 3263 deprensae
681 3179 785 3243 serius
808 3180 906 3244 artes!

100 3264 219 3348 Mater,
242 3267 289 3331 io!
313 3289 369 3332 seu
391 3272 424 3333 11
446 3268 600 3355 Phrygiis
622 3268 658 3332 in
679 3268 820 3333 vallibus
843 3266 919 3333 Idae

100 3353 279 3441 Mygdonio
303 3355 408 3422 buxus
432 3358 648 3422 circumsonat
670 3357 802 3422 horrida
826 3361 936 3443 cantu,

101 3441 165 3508 Seu
188 3449 226 3509 tu
249 3445 435 3532 sanguineis
458 3446 618 3511 ululantia
641 3446 803 3531 Dindyma
827 3446 931 3512 Gallis

100 3530 221 3598 Incolis
245 3538 277 3599 et
301 3534 433 3600 strictos
458 3535 611 3601 Curetum
634 3536 768 3621 respicis
791 3558 902 3601 enses:
1068 3554 1131 3596 <us
