2438 3832
115 179 182 244 268
441 177 587 235 ecavnu
606 176 805 236 salvaram

114 341 223 406 Vestit
246 342 308 406 iter
329 343 484 408 comitata
503 364 608 429 seges.

319 448 324 455 ’
646 431 716 495 Iam
739 431 897 515 linquitur
919 431 1025 498 erma
1079 451 1135 501 rso

115 518 260 603 Totaque
284 519 439 584 decrescit
461 520 576 607 refugo
599 519 764 584 Trinacria
786 520 867 585 visu.

115 607 189 672 Heu
211 607 361 691 quotiens
384 626 541 695 praesaga
563 609 641 672 mali
663 609 798 674 violavit
821 609 938 674 oborto

48 717 54 727 ·
115 697 200 761 licre
223 699 336 783 genas!
360 698 509 780 quotiens
534 698 645 762 oculos
667 698 709 761 ad
731 701 817 761 tecta
839 699 971 762 retorsit

115 784 206 848 Talia
228 803 307 849 roce
329 803 475 850 movens:
499 784 618 872 ‘Salva
641 786 827 873 gratissima
849 787 961 873 tellus,

117 873 220 950 Quam
241 892 302 938 nes
324 875 537 958 praetulimus
561 876 663 959 caelo,
685 873 748 938 tibi
770 875 887 961 gaudie
910 877 1014 940 nostri
1077 895 1132 944 ree

116 961 290 1049 Sanguinis
314 967 346 1026 et
369 984 461 1027 caros
482 964 568 1027 uteri
591 963 938 1037 commendolabores.

115 1051 262 1116 Praemia
284 1051 383 1138 digna
405 1056 548 1116 manent:
570 1053 680 1116 nullos
700 1052 825 1136 patiere
847 1053 972 1140 ligones

115 1141 160 1204 Et
181 1140 273 1205 nullo
297 1140 394 1226 rigidi
415 1141 584 1204 versabere
606 1142 745 1205 vomeris
768 1141 813 1205 iet
837 1194 843 1206 .

116 1227 238 1313 Sponte
260 1232 338 1292 tuus
360 1229 491 1293 florebit
512 1250 602 1316 ager3
626 1234 771 1294 cessante
794 1231 928 1295 iuvenco
1099 1282 1102 1288 .
1174 1295 1176 1299 .

114 1317 223 1382 Ditior
246 1316 373 1381 oblatas
396 1317 567 1381 mirabitur
588 1318 695 1382 incola
717 1320 859 1383 messes?
1077 1335 1134 1386 200

116 1405 169 1470 Sic
192 1405 238 1470 ait
261 1409 293 1470 et
315 1406 415 1470 fulvis
437 1407 547 1492 tetigit
571 1407 775 1491 serpentibus
797 1406 896 1472 Idam.

181 1494 245 1558 Hic
268 1494 358 1558 sedes
381 1498 520 1580 augusta
543 1495 619 1558 deae
641 1495 818 1579 templique
840 1496 966 1560 colendi

23 1625 25 1629 -
115 1583 294 1669 Relligicsa
317 1582 411 1668 silex,
435 1582 542 1646 densis
565 1602 662 1666 qaam
684 1584 780 1667 pinus
804 1583 977 1649 obumbrat

115 1670 298 1736 Fraudibus
322 1674 354 1734 et
376 1671 467 1735 nulla
489 1671 581 1735 lucos
605 1672 749 1758 agitante
770 1673 913 1756 procelle

116 1758 269 1843 Stridula·
282 1759 432 1824 coniferis
455 1759 642 1823 moduletur
660 1761 805 1824 carmina
828 1762 935 1826 ramis.
1078 1779 1133 1829 aco

115 1848 289 1913 Terribiles
312 1849 402 1912 intus
424 1849 523 1912 thiasi
545 1867 726 1932 vesanaque
749 1849 853 1914 mixto

117 1937 282 2002 Concentu
305 1937 438 2001 delubra
460 1941 607 2024 gemunt3
629 1937 809 2001 ululatibus
831 1937 887 2002 Ide

115 2026 310 2111 Bacchatur3
332 2026 472 2090 tumidas
495 2026 653 2090 inclinant
677 2024 822 2113 Gargara
844 2025 952 2092 silvas.

114 2115 293 2198 Postquam
314 2115 384 2178 visa
409 2114 516 2200 Ceres,
539 2115 701 2202 mugitum
722 2119 877 2199 tympana
899 2116 1041 2201 frenant3

117 2203 306 2268 Conticuere
330 2203 433 2289 chori3
457 2202 602 2288 Corybas
623 2224 691 2268 non
712 2204 843 2288 impulit
862 2224 987 2291 verrsem3
1079 2222 1136 2273 aro,

114 2292 192 2358 Non
215 2293 334 2377 buxus,
356 2313 424 2355 non
446 2310 519 2356 aera
543 2296 659 2356 sonant
682 2292 881 2376 blandasque
904 2293 1013 2358 leones

116 2380 310 2445 summisere
332 2379 435 2444 iubes.
471 2378 589 2464 Adytis
613 2381 724 2467 gavisa
748 2380 877 2465 Cybebe

116 2469 220 2533 Exilii
243 2472 275 2531 et
298 2488 417 2552 pronas
439 2469 578 2534 intendit
602 2470 642 2533 ad
665 2471 776 2534 oscula
797 2474 912 2534 turres.

181 2556 317 2620 Viderat
339 2556 418 2621 haec
441 2557 561 2622 dudum
585 2580 710 2622 summa
733 2559 918 2643 speculatus
941 2559 982 2623 ab
1005 2577 1078 2623 arce

115 2646 262 2731 Iuppiter
285 2665 322 2710 ac
343 2645 463 2711 Veneri
484 2647 602 2710 mentis
625 2647 802 2731 penetralia
824 2647 951 2732 pandit:
1079 2664 1132 2712 arc

116 2735 299 2820 Curarem,
323 2734 494 2820 Cytherea,
515 2736 578 2799 tibi
601 2740 723 2800 secreta
745 2736 881 2801 fatebor.

117 2824 258 2889 Candida
281 2824 435 2889 Tartareo
457 2829 595 2908 nuptum
617 2823 811 2910 Proserpina
834 2826 904 2912 regi

115 2912 185 2977 lam
207 2913 332 2998 pridem
354 2914 481 2978 decreta
503 2913 585 2977 dari:
609 2914 656 2978 sic
678 2912 822 2998 Atropos
843 2918 952 3000 urget3

117 3001 171 3067 Sic
194 3003 309 3066 cecinit
332 3004 489 3089 longaeva
511 3001 651 3067 Themis.
686 3001 783 3067 Nunc
805 3007 908 3067 matre
931 3005 1055 3067 remote

115 3090 198 3156 Rem
219 3092 331 3177 peragi
353 3095 489 3176 tempus.
525 3089 622 3154 Fines
644 3091 759 3155 invade
781 3090 916 3156 Sicanos
1079 3107 1132 3155 aec

115 3180 161 3244 Et
185 3179 310 3244 Cereris
332 3180 456 3264 prolem
477 3179 600 3263 patulis
621 3180 766 3244 inludere
784 3181 922 3266 campis,

117 3268 267 3333 Crastina
288 3268 442 3352 puniceos
465 3287 538 3332 cam
560 3267 618 3332 lux
640 3269 796 3333 detexerit
817 3273 926 3354 ortus,

119 3357 206 3443 Coge
229 3357 294 3421 tuis
317 3360 441 3421 armata
465 3356 562 3443 dolis,
586 3357 704 3440 quibus
726 3377 818 3422 urere
842 3362 971 3442 sancta,

113 3483 184 3492 ——..
195 3484 330 3492 ἡ..-

169 3553 227 3602 212
247 3549 380 3626 Cybebe]
398 3550 509 3623 cybele.
