2438 3832
252 160 374 232 (xum.)
393 162 432 217 m
450 161 666 218 nuraorrvu
684 161 793 216 amaa
812 160 958 216 paruus.
1072 160 1113 226 61

96 324 200 390 Arma
223 322 368 408 relinque
391 325 477 391 viris.
525 324 692 391 Geminam
716 325 795 408 quin
818 322 932 387 dividis
956 322 1063 387 aulam

100 414 298 496 Uenerisque
321 414 393 497 pios
417 414 499 478 odiis
523 415 723 479 committere
746 414 876 477 fratres!

96 504 144 568 'Pe
168 502 285 588 magis,
308 502 350 566 ah
373 503 516 588 demens,
539 508 680 571 ueterem
703 503 731 566 si
753 501 886 586 respicis
910 504 1028 584 artem,

99 591 280 657 Concilione
303 591 401 655 decet.

445 678 552 745 Gestis
575 703 635 764 pro
658 679 780 744 talibus
803 701 924 744 annum

100 769 244 855 Flagitet
266 768 455 855 Eutropius,
477 791 517 833 ne
542 769 619 852 quid
640 791 708 834 non
730 768 856 852 polluat
879 789 976 853 unus,
1065 782 1118 832 285

101 857 176 922 Dux
199 857 296 942 11111,
318 856 414 922 iudex
436 858 611 942 praetoria,
633 861 780 942 tempora
803 857 929 921 consul!

168 945 226 1011 Nil
249 946 327 1010 adeo
351 947 496 1031 foedum,
521 945 608 1030 quod
628 968 696 1011 non
719 950 831 1010 exacta
853 949 998 1011 vetustas

101 1035 248 1099 Ediderit
270 1034 424 1121 longique
447 1036 541 1099 labor
564 1036 760 1100 commiserit
783 1035 861 1099 aevi.

102 1123 283 1208 Oedipodes
305 1127 454 1210 matrem,
476 1128 588 1187 natam
611 1124 739 1188 duxisse
762 1122 919 1205 Thyestes

104 1211 276 1295 Cantatur,
298 1212 423 1296 peperit
446 1213 563 1276 fratres
586 1210 713 1276 Iocasta
736 1212 853 1275 marito
1068 1226 1120 1276 290

102 1301 149 1365 Et
170 1301 310 1384 Pelopea
334 1301 404 1365 sibi.
450 1300 577 1365 Thebas
601 1323 638 1365 ac
660 1301 774 1365 funera
796 1298 911 1364 Troiae

102 1389 221 1454 Tristis
244 1388 418 1454 Erechthei
441 1389 588 1474 deplorat
611 1411 725 1454 scaena
748 1388 876 1453 theatri.

103 1477 144 1542 ln
165 1477 329 1541 volucrem
352 1477 485 1564 Tereus,
510 1477 649 1543 Cadmus
673 1499 707 1543 11
730 1478 828 1543 vertit
850 1478 886 1542 in
908 1498 1055 1564 anguem.

104 1566 215 1649 Scylla
236 1588 339 1630 novos
361 1567 478 1631 mirata
502 1589 604 1631 canes
650 1566 747 1631 Hunc
769 1566 884 1630 arbore
907 1565 989 1652 figit,

104 1655 222 1719 Elevat
243 1654 330 1719 hunc
352 1656 476 1741 pluma,
500 1655 643 1739 squamis
666 1655 753 1720 hunc
775 1654 886 1720 fabula
908 1654 1019 1740 vestit,
1070 1670 1122 1719 191

104 1743 201 1806 Hunc
229 1744 327 1807 solvit
353 1743 461 1809 fluvio,
506 1744 694 1827 Numquam
722 1742 822 1828 spado
852 1743 965 1808 consul
987 1743 1022 1807 in
1045 1743 1123 1807 orbe

105 1831 174 1896 Nec
196 1831 292 1895 iudex
316 1831 468 1897 ductorve
491 1833 567 1897 fuit!
615 1831 844 1916 Quodcumque
867 1832 1010 1897 virorum

105 1921 168 1984 Est
191 1920 301 2004 decus,
324 1922 462 1985 eunuchi
486 1921 590 1986 scelus
614 1926 671 1987 111.
717 1920 875 2006 Exempla
899 1925 1048 1986 creantur

105 2008 195 2084 Quae
219 2009 304 2072 socci
327 2014 479 2092 superent
502 2010 587 2075 risus
609 2006 781 2095 luctusque
805 2009 963 2074 cothurni.

174 2095 277 2173 Quam
300 2097 434 2180 pulcher
457 2103 648 2183 conspectus
672 2103 750 2183 erat,
774 2120 847 2163 cum
869 2098 1014 2162 tenderet
1033 2101 1124 2162 artus

106 2184 282 2271 Exangues
306 2191 459 2251 onerante
481 2192 560 2274 toga
582 2188 754 2270 cinctuque
777 2190 930 2272 gravatus
1072 2203 1124 2252 301

107 2272 289 2357 Indutoque
313 2296 410 2339 senex
434 2276 623 2340 obscaenior
644 2275 707 2339 iret
729 2275 765 2339 in
787 2296 879 2339 auro:

107 2362 251 2426 Humani
275 2363 380 2445 qualis
404 2364 574 2429 simulator
597 2364 710 2428 simius
734 2364 813 2450 0111,

108 2449 211 2527 Quem
233 2472 314 2534 puer
336 2451 484 2516 adridens
507 2453 651 2537 pretioso
675 2452 812 2518 stamine
836 2451 950 2519 Serum

107 2538 238 2602 Velavit
261 2541 427 2623 nudasque
449 2546 542 2606 nates
565 2563 602 2606 ac
624 2546 717 2628 terga
739 2541 884 2627 reliquit,
1072 2559 1125 2610 305

108 2627 300 2692 Ludibrium
322 2630 455 2716 mensis3
478 2634 585 2695 erecto
608 2634 738 2714 pectore
761 2631 849 2696 dives

110 2715 267 2780 Ambulat
290 2721 323 2781 et
347 2717 433 2782 claro
457 2740 526 2783 1111
549 2719 708 2784 deformat
731 2720 859 2784 amictu.

111 2803 253 2890 Candida
275 2806 421 2889 pollutos
445 2808 619 2872 comitatur
641 2808 729 2873 curia
752 2807 869 2893 fasces,

109 2892 262 2957 Forsitan
285 2899 316 2958 et
340 2895 497 2960 dominus.
542 2897 680 2962 Praebet
703 2896 858 2961 miracula
880 2897 977 2962 lictor

110 2980 251 3046 Consule
273 2983 415 3048 nobihor
437 2984 684 3069 libertatemque
707 2985 855 3070 daturus,
1073 3002 1126 3052 310

110 3070 215 3146 Quam
237 3072 373 3137 necdum
395 3074 521 3138 meruit.
567 3073 700 3149 Scandit
724 3074 861 3139 sublime
884 3075 1030 3139 tribunal

110 3157 220 3241 Atque
243 3160 328 3224 inter
350 3163 498 3246 proprias
521 3163 632 3228 laudes
654 3162 817 3250 Aegyptia
839 3164 939 3228 iactat

111 3246 244 3313 Somnia
267 3255 512 3335 prostratosque
536 3252 622 3316 canit
645 3274 679 3317 11
702 3257 775 3317 vate
798 3257 963 3337 tyrannos.

112 3334 243 3401 Scilicet
265 3339 301 3402 in
324 3338 422 3404 dubio
445 3341 560 3406 vindex
583 3341 719 3406 Bellona
741 3342 906 3427 pependit,

131 3492 140 3509 ⁹
184 3535 236 3584 281
255 3532 335 3603 quin]
354 3535 468 3605 serapam
485 3528 562 3604 quid.
