2438 3832
102 168 253 240 (XXVIII.)
271 168 526 225 PANEGYRICVS
545 170 594 224 DE
615 170 730 226 SEXTO
745 170 845 228 CONS.
864 172 1028 230 HONORII.
1054 175 1117 239 179

99 331 214 395 Visere
238 331 385 416 deposito
410 332 561 418 dignatus
584 332 698 397 limina
721 334 817 399 fastu.

99 419 255 484 Publicus
278 420 355 485 hinc
378 421 517 486 ardescit
540 443 644 507 amor,
668 443 741 486 cum
763 422 909 487 moribus
933 424 1045 507 aequis

98 508 239 573 Inclinat
262 509 384 593 populo
406 510 514 596 regale
536 510 695 574 modestia
718 511 853 576 culmen.

99 597 208 681 Teque
231 598 343 662 rudem
367 599 462 684 vitae,
487 598 635 682 quamvis
658 599 837 664 diademate
859 601 996 665 necdum
1083 618 1116 674 et

101 685 280 773 cingebare
303 708 424 773 comas,
448 688 571 752 socium
595 688 743 752 sumebat
765 689 926 753 honorum

98 775 266 859 Purpureo
289 776 394 840 fotum
418 777 555 863 gremic‚
578 778 976 862 parvumquetriumphis

99 863 278 929 Imbuitet
301 865 428 965 magnis
453 865 561 930 docuit
547 866 771 950 tpraeludere
794 867 880 931 fatis.

100 953 144 1017 Te
167 952 289 1039 linguis
312 954 419 1018 variae
443 958 556 1040 gentes
579 954 734 1038 missique
757 959 909 1042 rogatum
1120 1017 1124 1022 .

98 1041 241 1106 Foedera
263 1041 435 1106 Persarum
458 1065 606 1126 proceres
631 1065 703 1107 cum
725 1047 818 1127 patre
842 1043 1004 1109 sedentem
1082 1063 1116 1111 70

98 1130 170 1194 Hac
193 1130 355 1214 quondam
377 1131 485 1196 videre
509 1131 603 1195 domo
627 1131 799 1215 positoque
822 1132 939 1196 tiaram

99 1219 295 1284 Summisere
317 1242 411 1306 genu.
451 1219 571 1284 Tecum
593 1220 762 1306 praelarga
784 1221 912 1285 vocavit

97 1308 157 1373 Dit
159 1308 258 1372 andas
282 1309 322 1372 ad
345 1307 429 1373 dona
450 1308 572 1394 tribus3
594 1309 754 1395 fulgentia
776 1313 885 1390 tecum

101 1396 236 1461 Collecti
259 1398 386 1461 trabeat
372 1402 426 1461 tus
449 1397 516 1461 adit
540 1397 673 1462 delubra
697 1401 828 1462 senatus

98 1487 246 1550 Romano
269 1509 406 1587 puerum
427 1486 570 1640 gaudens
595 1488 709 1551 offerre
732 1486 845 1572 favori,

98 1574 145 1638 Vt
167 1596 271 1638 novus
294 1574 430 1659 imperio
453 1576 518 1639 iam
540 1579 619 1640 tunc
642 1538 845 1640 adsuesceret
866 1574 968 1640 heres.

166 1662 253 1727 Hinc
276 1663 338 1727 tibi
361 1668 510 1728 concreta
475 1664 678 1728 tradicet
664 1665 809 1728 tenacius
832 1663 938 1728 haesit

98 1751 143 1816 Et
166 1752 296 1835 penitus
318 1752 379 1817 ιοι
355 1752 558 1817 tiuolevit1s
580 1754 685 1816 Roma
707 1752 867 1838 medullis,

97 1840 307 1924 Dilectaeque
330 1840 422 1904 urbis
445 1845 556 1905 tenero
581 1845 754 1926 conceptus
778 1841 819 1904 ab
842 1862 950 1926 ungue

99 1929 218 1993 Tecum
243 1929 343 1993 crevit
366 1950 465 1993 amor.
510 1928 580 1994 Nec
602 1933 635 1994 te
657 1933 784 1994 mutare
806 1951 970 1994 reversum

98 2017 232 2081 Evaluit
255 2018 386 2101 propria
407 2017 552 2081 nutritor
574 2017 763 2102 Bosphorus
786 2039 867 2083 arce.

98 2107 144 2170 Et
168 2106 319 2189 quotiens
343 2110 455 2190 optare
478 2106 540 2170 tibi
565 2128 646 2190 quae
669 2106 797 2171 moenia
819 2106 933 2170 malles

98 2193 265 2258 Adludens
288 2194 418 2280 genitor
440 2194 532 2280 regni
554 2216 613 2279 pro
636 2198 728 2278 parte
752 2193 901 2279 dedisset,

98 2283 220 2347 Divitis
243 2281 388 2347 Aurorae
412 2283 530 2347 solium
554 2286 738 2366 sortemque
760 2286 908 2367 paratam

99 2371 221 2456 Sponte
244 2371 433 2436 remittebas
457 2372 567 2435 fratri:
591 2373 703 2458 ‘regat
725 2371 781 2436 ille
803 2372 949 2436 volentes

97 2459 266 2546 Assyrios3
289 2460 407 2524 habeat
430 2459 585 2524 Pharium
608 2481 681 2524 cum
704 2459 834 2547 Tigride
856 2458 986 2546 Nilum3

100 2547 277 2635 Contingat
300 2571 371 2613 mea
394 2549 498 2613 Roma
520 2549 623 2613 mihi?
668 2547 738 2614 Nec
759 2553 836 2614 vota
859 2547 996 2614 fefellit-

96 2637 252 2703 Eventus.
297 2636 442 2702 Fortuna
464 2660 585 2703 novum
607 2637 722 2714 molita
744 2642 920 2721 tyrannum

98 2725 167 2790 Iam
190 2726 253 2790 tibi
277 2726 451 2809 quaerebat
473 2726 604 2791 Latium
627 2726 777 2809 belloque
801 2725 940 2792 secundo

98 2814 253 2878 Protinus
276 2814 347 2878 an
369 2815 464 2879 velox
487 2815 610 2879 accitus
633 2814 674 2878 ab
697 2815 772 2878 aula

98 2903 245 2987 Suscipis
268 2903 459 2987 Hesperiam
481 2903 587 2986 patrio
610 2902 663 2966 bis
685 2902 790 2967 Marte
813 2905 984 2986 receptam.

97 2991 173 3075 Ipsa
196 3014 253 3075 per
275 2990 424 3076 Illyricas
446 2991 543 3055 urbes
567 2989 698 3055 Oriente
720 2991 834 3056 relicto

97 3079 149 3145 Ire
172 3080 291 3145 Serena
314 3103 420 3145 comes
442 3080 535 3145 nullo
559 3079 711 3144 deterrita
734 3101 820 3165 casu,

97 3169 167 3233 Mat
153 3174 245 3233 terna
267 3173 300 3233 te
322 3175 429 3234 mente
397 3169 564 3234 tefovens
586 3168 649 3234 Lat
634 3167 819 3270 tioquet
769 3168 915 3234 aruum

98 3258 268 3323 Rectorem
291 3280 508 3345 generumque
531 3257 596 3322 sibi
619 3256 744 3322 seniore
767 3279 922 3341 supernas

98 3345 168 3411 Iam
190 3351 355 3432 repetente
377 3347 500 3435 plagas
545 3345 607 3412 Illo
631 3346 692 3411 sub
715 3346 844 3411 cardine
866 3369 974 3412 rerum

98 3435 216 3500 Sedula
240 3441 346 3501 servat
347 3459 402 3500 um
425 3459 483 3521 per
504 3440 555 3501 tot
541 3434 766 3501 tdiscrimina
788 3435 908 3537 pignus

98 3525 206 3589 Restit
164 3525 257 3589 ιιιιιιι
281 3525 417 3609 sceptris
439 3525 548 3610 patrui
571 3523 751 3609 castrisque
772 3524 897 3589 mariti

864 3627 923 3682 Tb*
