2438 3832
108 171 175 235 234
440 169 586 226 CLAVDlI
605 171 805 228 CLAVDIANI

107 333 170 400 Sed
194 334 339 418 quamvis
361 334 514 398 Lachesis
536 335 627 399 letali
651 335 790 400 stamine
814 334 956 419 damnet,

151 421 191 487 ln
213 427 245 487 te
268 423 336 486 fata
360 423 423 487 sibi
445 423 650 508 prosperiora
673 427 728 508 pet
774 426 797 487 t.

106 511 230 589 Quodsi
252 512 336 576 forte
359 512 464 576 malus
487 512 640 577 membris
664 512 818 576 exuberat
841 533 935 575 umor
1090 528 1126 578 95

150 600 318 687 Languida
340 601 393 666 vel
413 601 514 665 nimio
537 601 661 666 viscera
683 602 759 665 felle
782 600 913 685 rubent,

103 687 184 755 Non
205 711 303 754 venas
325 694 470 754 reserant
492 711 551 754 nec
573 690 705 755 vulnere
727 689 860 754 vulnera
884 692 998 753 sanant

150 777 272 842 Pocula
294 801 354 843 nec
376 779 465 843 tristi
488 780 633 865 gramine
656 778 758 842 mixta
780 777 911 850 bibunt;

105 865 273 931 Amissum
295 866 436 951 lymphis
460 871 610 952 reparant
632 859 763 952 impune
786 867 945 952 vigorem,

150 955 351 1039 Pacaturque
375 978 472 1044 aegro
495 956 679 1020 luxuriante
703 955 804 1020 dolor.
1071 971 1125 1021 100

487 1149 600 1204 xxvu.
621 1148 745 1216 (xciv.)

519 1279 707 1341 PHOENIX.

173 1397 292 1463 Oceani
316 1421 441 1464 summo
466 1398 671 1463 circumfluus
694 1420 833 1482 aequore
855 1396 948 1462 lucus

105 1486 208 1550 Trans
230 1485 328 1551 Indos
351 1488 540 1570 Eurumque
562 1487 658 1572 viret,
682 1487 738 1570 qui
760 1487 884 1571 primus
908 1486 1032 1550 anhelis

105 1574 308 1639 Sollicitatur
331 1575 422 1658 equis
446 1575 614 1658 vicinaque
637 1575 771 1639 verbera
794 1576 908 1660 sentit,

104 1662 223 1727 Vmida
244 1664 368 1728 roranti
391 1667 544 1728 resonant
567 1663 640 1727 curri
662 1663 775 1727 limina
799 1685 908 1748 curru,

104 1751 198 1816 Vnde
220 1752 315 1816 rubet
338 1756 474 1817 venture
497 1752 564 1816 dies
587 1753 747 1838 longeque
771 1752 913 1816 coruscis
1105 1771 1122 1818 5

104 1839 180 1907 Nox
203 1841 321 1904 adflata
343 1841 425 1906 rotis
448 1842 562 1927 refugo
585 1841 734 1925 pallescit
757 1841 889 1906 amictu:

104 1928 193 1994 Haec
215 1930 401 1994 fortunatus
424 1929 560 1993 nimium
583 1928 731 1994 Titanius
755 1930 822 1993 ales

103 2017 217 2105 Regna
241 2019 319 2083 colit
342 2018 494 2101 solusque
517 2019 615 2104 plaga
638 2018 787 2083 defensus
809 2017 921 2100 iniqua

103 2105 253 2172 Possidet
275 2107 414 2172 intactas
438 2107 543 2193 aegris
567 2106 760 2170 animalibus
785 2127 858 2170 oras

105 2193 207 2262 Saeva
228 2218 288 2261 nec
310 2195 444 2260 humani
466 2195 590 2280 patitur
613 2195 763 2281 contagia
786 2194 906 2258 mundi.
1090 2212 1123 2258 10

103 2284 168 2349 Par
189 2285 321 2350 volucer
344 2283 483 2370 superis,
507 2285 617 2348 stellas
641 2284 696 2367 qui
719 2282 846 2348 vividus
870 2286 987 2365 aequat

104 2372 258 2437 Durando
281 2372 499 2455 membrisque
521 2372 597 2436 terit
620 2370 828 2436 redeuntibus
853 2392 980 2455 aevum,

104 2460 182 2526 Non
204 2461 308 2545 epulis
332 2464 477 2525 saturare
499 2461 630 2546 famem,
652 2482 720 2524 non
741 2460 888 2524 fontibus
911 2460 988 2523 ullis

103 2546 268 2612 Adsuetus
291 2548 462 2632 prohibere
486 2549 586 2634 sitim3
610 2548 665 2612 sed
687 2548 801 2632 purior
822 2548 917 2612 illum

104 2636 191 2701 Solis
214 2637 322 2702 fervor
345 2637 404 2702 alit
426 2641 624 2720 ventosaque
646 2637 766 2721 pabula
788 2640 882 2721 potat
1089 2653 1121 2701 15

105 2726 263 2813 Tethyos,
285 2726 416 2791 innocui
441 2748 574 2810 carpens
597 2725 750 2789 alimenta
772 2725 911 2812 vaporis.

104 2815 268 2880 Arcanum
291 2815 418 2880 radiant
442 2814 527 2880 oculi
549 2815 650 2879 iubar.
687 2812 807 2902 Igneus
831 2836 887 2878 ora

31 2987 33 2992 Ι
106 2903 216 2991 Cingit
238 2905 351 2969 honos.
388 2904 501 2968 Rutilo
526 2907 699 2989 cognatum
721 2902 841 2967 vertice
865 2902 953 2965 sidus

103 2990 239 3057 Attollit
263 2993 414 3057 cristatus
438 3015 519 3077 apex
541 2992 754 3075 tenebrasque
778 3013 889 3056 serena

103 3081 190 3146 Luce
214 3086 308 3146 secat.
346 3081 444 3165 Tyrio
467 3082 647 3167 pingrmtur
670 3103 763 3144 crura
785 3101 917 3144 veneno.
1087 3097 1122 3144 20

104 3169 304 3236 Antevolant
326 3169 493 3253 Zephyros
515 3170 646 3255 pinnae,
670 3191 750 3252 quas
774 3169 921 3232 caerulus
945 3167 1046 3232 ambit

103 3258 200 3324 Flore
224 3261 313 3324 color
336 3280 513 3343 sparsoque
537 3281 633 3342 super
656 3257 784 3322 ditescit
806 3257 843 3321 in
865 3279 952 3321 aure.

171 3348 235 3412 Hic
256 3370 361 3431 neque
385 3351 539 3430 concepto
563 3347 633 3412 fetu
654 3368 714 3411 nec
737 3345 858 3410 semine
877 3345 1000 3432 surgit,

105 3435 168 3502 Sed
190 3442 283 3520 pater
306 3440 355 3500 est
377 3437 549 3520 prolesque
573 3436 623 3500 sui
645 3436 800 3518 nulloque
824 3440 952 3499 creante

87 3524 264 3589 Emeritos
285 3530 379 3592 artus
402 3525 541 3592 fecunda
562 3528 667 3591 morte
689 3524 844 3588 reformat
1087 3540 1124 3589 as
