2438 3832
123 154 167 220 94
449 154 595 210 OLAVDII
613 154 813 211 CLAVDlANl

121 316 197 382 Iura
220 323 339 384 tenent.
384 318 515 404 Fateor,
539 318 691 403 Stilicho,
714 340 781 383 non
803 341 903 402 parva
924 318 1074 405 poposci,

122 406 186 472 Sed
208 412 293 472 certe
316 429 441 472 mereor
463 408 612 491 princeps
635 408 697 471 hoc
720 407 865 492 principe
887 411 998 493 natus,
1105 424 1141 473 35

122 495 184 572 Qui
208 496 271 560 sibi
294 501 327 561 te
349 519 503 583 generum
526 498 669 560 fraterna
692 497 783 580 prole
806 497 960 582 revinxit,

123 584 183 649 Cui
206 585 344 650 Mariam
368 585 472 650 debes.
518 585 644 649 Faenus
668 585 749 649 mihi
773 586 861 650 solve
884 590 1067 672 paternum,

121 674 230 738 Redde
254 697 330 739 suos
354 676 454 739 aulae.
500 674 605 739 Mater
628 674 766 738 fortasse
790 675 899 762 rogari

121 761 260 827 Mollior.
307 763 466 846 Opatrui
489 784 633 849 germen,
658 764 709 829 cui
732 765 873 828 nominis
896 764 988 828 heres

122 850 281 937 Successi,
305 852 442 915 sublime
467 851 562 915 decus
586 852 740 917 torrentis
764 852 894 939 Hiberi,
1104 870 1141 919 40

122 939 229 1024 Stirpe
252 962 356 1026 soror,
379 941 499 1024 pietate
522 962 652 1026 parens,
674 941 738 1004 tibi
763 942 902 1005 creditus
925 941 1032 1005 infans

119 1028 222 1113 Inque
245 1034 303 1094 tuo
328 1030 412 1093 crevi
436 1031 573 1115 gremio,
595 1034 755 1114 partuque
778 1034 902 1095 remoto

120 1117 170 1182 Tu
193 1119 302 1202 potius
325 1118 479 1183 Flaccilla
502 1119 590 1183 mihi.
638 1118 722 1195 Quid
746 1118 861 1183 dividis
886 1141 962 1206 ergo

120 1206 285 1293 Pignora?
309 1208 387 1290 quid
409 1208 517 1272 iuveni
540 1213 651 1272 natam
673 1230 740 1272 non
763 1208 869 1272 reddis
893 1208 1046 1272 alumno?

122 1295 303 1379 Optatusne
327 1296 393 1360 dies
418 1297 542 1360 aderit?
567 1297 737 1361 dabiturne
760 1297 879 1383 iugalis
1103 1315 1140 1364 45

119 1383 195 1450 Nox
218 1386 405 1468 umquamP’

449 1473 522 1538 Tali
546 1474 671 1538 solatur
693 1474 827 1539 vulnera
851 1479 975 1558 questu

119 1562 207 1626 Risit
230 1560 332 1626 Amor
354 1563 561 1646 placidaeque
584 1563 673 1628 volat
696 1567 787 1627 trans
811 1585 951 1647 aequora
972 1565 1069 1628 matri

119 1649 264 1716 Nuntius
288 1655 320 1715 et
342 1655 429 1716 totas
453 1653 627 1715 iactantior
650 1653 789 1735 explieat
813 1653 890 1717 alas.

186 1740 281 1804 Mons
305 1740 391 1805 latus
414 1739 542 1805 Ionium
567 1740 665 1824 Cypri
688 1746 881 1825 praeruptus
906 1741 1096 1826 obumbrat,

118 1829 230 1894 Invius
253 1830 394 1893 humano
418 1851 545 1915 gressu,
568 1829 786 1913 Phariumque
810 1829 915 1894 cubile

119 1918 256 1983 Proteos
280 1923 311 1983 et
336 1922 458 2001 septem
483 1918 647 2001 despectat
670 1941 790 1983 cornua
814 1919 892 1983 Nili.

119 2007 215 2072 Hunc
237 2007 326 2072 venti
349 2006 479 2091 pulsare
502 2006 632 2092 timent,
655 2007 741 2071 hunc
763 2008 888 2072 laedere
910 2008 1028 2096 nimbi,

118 2096 215 2160 Hunc
237 2118 341 2179 neque
365 2095 536 2160 candentes
560 2094 679 2160 audent
701 2096 820 2160 vestire
843 2097 985 2180 pruinae.

118 2186 279 2250 Luxuriae
301 2184 484 2269 Venerique
508 2190 609 2250 vacat.
654 2184 734 2249 Pars
759 2185 864 2249 acrior
887 2186 963 2249 anni

118 2274 255 2359 Exulat,
279 2275 400 2338 aeterni
423 2279 512 2357 patet
536 2273 737 2359 indulgentia
761 2274 873 2338 veris·

117 2362 158 2427 In
182 2384 329 2446 campum
354 2384 387 2425 se
410 2362 517 2425 fimdit
541 2384 635 2446 apex,
657 2362 743 2426 hunc
767 2383 862 2426 aurea
886 2383 997 2445 saepes

122 2450 245 2515 Circuit
269 2454 301 2514 et
324 2450 414 2514 fulvo
438 2450 580 2514 defendit
603 2454 696 2534 prata
719 2451 861 2515 metallo.

119 2539 293 2624 Mulciber,
316 2543 353 2603 ut
374 2538 557 2624 perhibent,
579 2539 632 2603 his
656 2540 767 2605 oscula
791 2539 939 2625 coniugis
963 2537 1041 2602 emit

119 2628 291 2694 Moenibus
316 2632 347 2692 et
371 2628 454 2692 tales
477 2627 611 2692 uxorius
636 2628 757 2692 obtulit
781 2650 878 2692 arces.

118 2717 212 2782 Intus
236 2740 312 2781 rura
334 2717 469 2801 micant,
493 2716 645 2781 manibus
669 2739 750 2800 quae
775 2717 905 2780 subdita
927 2715 1028 2779 nullis

118 2806 315 2890 Perpetuum
338 2806 468 2891 florent,
491 2804 640 2890 Zephyro
664 2810 815 2869 contenta
839 2806 969 2888 colono,

118 2894 380 2978 Vmbrosumque
402 2916 530 2979 nemuS,
554 2916 618 2977 quo
641 2916 707 2958 non
730 2894 915 2958 admittitur
938 2893 1017 2978 ales,

118 2982 164 3048 Ni
187 2984 303 3067 probet
327 2988 400 3047 ante
425 3005 500 3047 suos
526 2983 599 3047 diva
623 2983 682 3047 sub
706 2983 812 3047 iudice
836 2986 963 3046 cantus:

120 3071 208 3148 Quae
231 3072 366 3156 placuit,
389 3072 510 3137 fruitur
533 3072 646 3157 ramis3
670 3093 751 3154 quae
774 3072 874 3156 victa,
897 3069 1025 3134 recedit.

118 3161 243 3226 Vivrmt
267 3161 302 3224 in
323 3159 482 3224 Venerem
505 3160 634 3225 frondes
659 3160 828 3243 omnisque
851 3159 995 3223 vicissim

118 3249 212 3314 Felix
237 3248 334 3313 arbor
357 3253 457 3334 amat,
478 3254 597 3313 nutant
621 3249 661 3313 ad
683 3253 796 3313 mutua
819 3248 946 3333 palmae

117 3338 274 3425 Foedera,
296 3338 436 3423 populeo
460 3338 602 3423 suspirat
625 3339 765 3422 populus
789 3338 857 3404 ictu

180 3539 220 3586 52
229 3540 302 3603 post
317 3538 353 3588 63
373 3533 541 3604 transposui.
