2438 3832
107 151 176 216 280
253 209 256 215 ,
435 149 581 206 CLAVDII
600 149 800 206 eLAVDIANI

108 313 221 378 Exitio
245 336 394 378 succurre
416 316 501 379 meo!
526 336 690 398 compesce
713 315 886 380 furentem!

112 401 294 486 Comprime
316 404 432 467 ferales
455 404 541 468 torvi
563 403 735 488 praedonis
757 404 926 469 habenasl'

177 491 311 555 Talibus
333 493 389 556 ille
412 493 503 557 ferox
527 492 621 557 dictis
644 493 786 577 fletuque
810 493 925 558 decoro

108 579 260 644 Vincitur
283 585 315 645 et
337 581 434 666 primi
457 582 596 666 suspiria
620 581 721 646 sensit
745 583 872 647 amoris.

109 667 201 733 Tunc
223 669 408 756 ferrugineo
431 671 580 734 lacrimas
604 671 748 757 deterget
771 672 891 736 amictu
1075 690 1134 741 275

109 757 155 822 Et
177 758 304 842 placida
326 763 485 823 maestum
509 761 633 824 solatur
654 782 733 824 voce
757 761 913 826 dolorem:

178 847 309 912 ‘Desine
331 848 469 912 funestis
493 849 648 934 animum,
670 847 879 936 Proserpina,
902 851 987 914 curis

107 934 156 1015 Et
178 958 262 1000 rano
285 959 401 1002 vexare
423 940 520 1002 metu.
556 937 682 1001 Maiora
706 938 869 1003 dabuntur

111 1023 245 1110 Sceptra
267 1048 327 1090 nec
349 1026 474 1113 indigni
497 1026 607 1090 taedas
630 1027 752 1110 patiere
775 1028 894 1093 mariti.

109 1111 170 1177 Ille
194 1136 254 1201 ego
279 1114 411 1180 Saturni
432 1115 554 1200 proles,
578 1115 630 1179 cui
652 1115 801 1179 machina
824 1139 932 1182 rerum
1074 1136 1132 1186 280

111 1200 217 1268 Servit
241 1207 273 1268 et
295 1205 477 1268 inmensum
500 1204 604 1268 tendit
627 1226 684 1288 per
707 1205 802 1269 inane
824 1210 979 1290 potestas.

109 1293 278 1359 Amissum
299 1315 340 1357 nc
364 1293 455 1357 crede
479 1293 574 1357 diem:
599 1297 675 1357 sunt
698 1293 800 1357 altera
822 1295 918 1360 nobis

21 1383 24 1386 ’
111 1383 237 1468 Sidera,
261 1386 336 1446 sunt
361 1382 455 1446 orbes
479 1382 548 1467 alii,
571 1382 744 1465 lumenque
766 1383 891 1447 videbis

109 1472 229 1537 Purius
251 1471 464 1554 Elysiumque
486 1471 591 1557 magis
613 1471 771 1535 mirabere
795 1473 896 1537 solem

112 1561 325 1643 Cultoresque
347 1559 433 1644 pios3
457 1559 526 1623 illic
547 1559 721 1643 pretiosior
744 1565 846 1647 aetas,
1075 1581 1131 1631 285

110 1649 219 1715 Aurea
241 1647 412 1735 progenies
435 1647 576 1734 habitat,
600 1671 788 1734 semperque
812 1653 959 1715 tenemus

113 1739 206 1816 Quod
229 1738 336 1822 superi
359 1759 503 1802 meruere
527 1739 634 1802 semel.
670 1737 740 1804 Nec
762 1739 875 1803 maffia
899 1740 1015 1805 desunt

110 1828 209 1894 Prata
231 1827 307 1912 tibi;
330 1826 488 1911 Zephyris
510 1827 580 1891 illic
602 1826 792 1891 melioribus
815 1828 928 1893 halant

110 1917 264 2001 Perpetui
286 1918 396 2002 flores,
420 1938 502 1999 quos
524 1937 583 1980 nec
606 1919 663 1980 tua
686 1917 824 2000 protulit
847 1917 971 1984 Henna.

110 2007 173 2072 Est
197 2006 295 2070 etiam
317 2004 400 2069 lucis
423 2004 520 2069 arbor
542 2005 710 2089 praedives
734 2007 842 2089 opacis
1076 2026 1132 2076 290

109 2095 287 2181 Fulgentes
309 2093 406 2158 viridi
428 2116 536 2158 ramos
560 2098 691 2158 curvata
713 2095 860 2160 metallo:

110 2185 200 2250 Haec
222 2182 284 2249 tibi
308 2205 398 2247 sacra
421 2183 516 2247 detur
538 2183 803 2267 fortunatumque
826 2184 952 2249 tenebis

110 2273 314 2359 Autumnum
337 2276 369 2336 ct
392 2272 492 2336 fulvis
515 2294 640 2356 semper
663 2272 806 2337 ditabere
828 2274 942 2357 pomis.

110 2364 215 2429 Parva
237 2363 367 2446 loquor:
392 2361 547 2444 quidquid
569 2361 712 2445 liquidus
736 2362 961 2446 complectitur
985 2385 1052 2448 aer,

112 2451 275 2534 Quidquid
298 2450 357 2513 alit
379 2450 490 2535 tellus,
518 2450 675 2534 quidquid
696 2451 795 2515 maris
818 2473 958 2536 aequora
980 2458 1132 2540 verrunt,

112 2540 205 2619 Quod
227 2539 319 2603 fluvii
341 2538 489 2624 volumt,
513 2539 600 2623 quod
621 2540 784 2604 nutrivere
806 2541 953 2628 paludes,
1076 2559 1129 2608 296

113 2629 237 2695 Cuncta
259 2628 326 2692 tuis
349 2627 471 2711 pariter
494 2628 606 2692 cedent
629 2628 782 2693 animalia
804 2631 913 2716 regnis

110 2718 233 2784 Lunari
257 2717 401 2782 subiecta
424 2716 537 2803 globo,
561 2717 617 2800 qui
641 2718 797 2801 septimus
821 2741 915 2783 auras

110 2807 225 2873 Ambit
249 2811 281 2871 et
305 2806 443 2871 aeternis
466 2806 617 2870 mortalia
641 2810 768 2890 separat
792 2808 898 2872 astris.

112 2897 179 2964 Sub
204 2901 261 2960 tua
282 2896 437 2980 purpurei
459 2895 590 2960 venient
612 2895 751 2982 vestigia
775 2918 868 2982 reges
1075 2915 1130 2965 ³00

110 2985 270 3070 Deposito
293 2985 373 3049 luxu
394 2985 492 3049 turba
515 3007 588 3049 cum
610 3007 750 3068 paupere
775 2985 869 3050 mixti

110 3073 244 3230 &Omnia
266 3096 354 3138 mors
378 3071 523 3161 aequat);
546 3077 583 3138 tu
606 3074 796 3139 damnatura
818 3078 985 3161 nocentes,

139 3189 161 3230 u
184 3163 328 3248 requiem
350 3163 458 3227 latura
479 3163 556 3248 piis3
579 3166 612 3227 tc
633 3163 738 3227 iudice
761 3167 871 3227 sontes

109 3253 264 3338 improba
288 3256 444 3339 cogentur
466 3252 552 3316 vitae
576 3253 746 3316 commissa
769 3253 873 3317 fateri.

111 3342 231 3427 Accipe
254 3341 397 3406 Lethaeo
420 3341 559 3405 famulas
583 3363 656 3406 cum
679 3341 809 3429 gurgite
832 3341 967 3429 Parcas,
1074 3359 1129 3409 305

169 3541 227 3590 275
246 3535 396 3611 deterget]
413 3536 529 3594 Hirtius
533 3559 543 3609 ;
562 3534 696 3606 detergit,
713 3495 839 3589 detersit.
