2438 3832
439 704 776 779 PANEGYRIOVS

150 847 322 921 DIOTVS
350 847 537 920 MANLIO
568 847 822 922 THEODORO
851 840 1066 923 CONSVLI.

487 1025 725 1087 PRAEFATIO.

558 1160 657 1231 (rvr)

99 1268 298 1355 Audebisne,
321 1292 448 1355 precor,
471 1274 581 1335 tantae
605 1270 749 1335 subiecta
773 1274 932 1358 catervae,

143 1357 233 1423 Inter
254 1363 305 1424 tot
328 1380 489 1445 proceres,
511 1362 624 1424 nostra
646 1358 774 1445 Thalia,
796 1359 909 1444 loqui?

99 1447 169 1513 Nec
191 1452 224 1513 te
247 1448 333 1512 fama
356 1452 458 1534 vetat,
480 1469 556 1512 vero
580 1469 677 1532 quam
701 1449 817 1513 celsius
837 1452 968 1514 auctam

144 1535 207 1600 Vel
230 1558 374 1601 servasse
396 1537 490 1602 labor
512 1537 563 1601 vel
585 1538 741 1602 minuisse
763 1536 891 1622 pudor?

97 1624 153 1689 An
175 1625 237 1689 tibi
260 1626 421 1690 continuis
445 1627 545 1691 crevit
568 1626 684 1691 fiducia
708 1626 822 1691 castris
1094 1642 1114 1693 o

144 1713 289 1798 Totaque
312 1715 378 1778 iam
399 1715 483 1779 ratis
506 1719 637 1799 pectora
660 1714 753 1779 miles
775 1714 896 1779 habet?

97 1891 248 1957 Culminc
270 1892 410 1957 Romani
432 1892 696 1975 maiestatemque
719 1896 850 1957 senatus

143 1980 202 2066 Et,
226 1981 343 2064 quibus
367 1981 491 2045 exultat
515 1980 634 2066 Gallia,
659 2002 750 2045 cerne
773 1981 869 2046 viros.

97 2069 257 2135 Omnibus
281 2070 429 2135 audimur
450 2070 546 2134 terris
569 2069 743 2153 mundique
765 2091 823 2154 per
845 2090 939 2134 aures

142 2157 274 2224 Ibimus.
320 2157 374 2222 Ah
395 2158 516 2223 nimius
539 2158 681 2223 consulis
704 2162 799 2245 urget
822 2159 925 2223 amor!
1080 2175 1112 2224 ιο

97 2335 255 2423 Iuppiter,
278 2340 316 2401 ut
338 2336 523 2422 perhibent,
546 2337 687 2420 spatium
710 2357 784 2401 cum
807 2335 927 2401 discere
950 2335 1047 2402 vellet

142 2425 286 2492 Naturae
309 2425 402 2511 regni
424 2425 552 2490 nescius
574 2426 644 2509 ipse
667 2424 731 2510 sui,

96 2513 286 2602 Armigeros
309 2515 472 2598 utrimque
495 2514 576 2579 duos
599 2513 788 2598 aequalibus
811 2514 872 2578 alis

143 2603 234 2668 Misit
257 2603 298 2667 ab
321 2602 401 2668 Eois
425 2601 638 2687 Occiduisque
660 2603 775 2690 plagis.

96 2693 260 2757 Parnasus
284 2692 429 2779 geminos
453 2693 556 2757 fertur
578 2692 721 2756 iunxisse
743 2691 885 2777 volatus3
1079 2706 1113 2757 15

144 2781 290 2847 Contulit
314 2782 454 2846 alternas
476 2780 615 2864 Pythius
638 2781 708 2844 axis
731 2801 814 2845 aves.

97 2960 252 3043 Princeps
275 2981 342 3024 non
364 2959 482 3043 aquilis
505 2961 607 3022 terres
632 2977 824 3044 cognoscere
846 2960 951 3042 curat3

145 3048 271 3113 (tertius
294 3049 329 3113 in
351 3048 444 3113 vobis
467 3047 617 3112 aestimat
639 3046 818 3130 imperium.

96 3137 170 3202 Hoc
194 3158 254 3224 ego
279 3138 415 3202 concilio
439 3137 611 3202 collectum
634 3135 751 3200 metior
774 3134 899 3218 orbem3

142 3226 215 3291 Hoc
238 3226 331 3291 video
355 3230 449 3291 coetu
472 3225 629 3310 quidquid
651 3225 771 3308 ubique
793 3222 900 3289 micat.
1080 3243 1114 3292 20

150 3553 289 3595 Onnvnurrr
303 3554 364 3608 ome,
384 3556 418 3597 ed.
432 3555 522 3599 Koch.
906 3549 928 3598 (ὃ
