2438 3832
117 145 180 210 158
443 145 590 201 CLAVDII
610 145 812 203 CLAVDIANI

118 309 230 393 Vsque
255 309 374 373 adeone
397 309 477 373 levis
500 309 606 393 pacati
629 309 735 396 gloria
757 309 901 374 Rhenir’

184 396 261 462 Inde
286 397 458 462 Caledonio
482 398 589 462 relata
611 397 783 463 Britannia
805 403 967 486 monstro,

114 486 213 551 Ferro
236 487 323 570 picta
346 508 458 573 genas,
482 487 572 550 cuius
595 488 733 574 vestigia
756 488 856 552 verrit

117 575 271 640 anrulus
296 573 476 659 Oceanique
500 579 625 639 aestum
647 577 803 649 ment'tur
826 577 976 641 amictus:

116 665 185 729 ‘Me
209 685 336 748 quoque
359 665 474 728 vicinis
497 669 685 747 pereuntem
707 664 876 752 gentibus’
899 665 1007 749 inquit
1081 684 1132 734 250

116 753 272 817 ‘Munivit
295 751 446 838 Stilicho,
469 756 574 817 totam
597 775 670 817 cum
694 752 825 819 Scottus
848 753 1015 820 Hivernen

114 843 218 907 Movit
242 846 274 906 et
296 842 415 905 infesto
440 842 601 925 spumavit
624 843 744 929 remige
768 842 897 927 Tethys.

113 930 207 996 Illius
231 932 379 995 effectum
403 930 502 1016 curia,
524 952 564 994 ne
588 930 653 994 tela
676 932 823 996 timerem

115 1020 270 1106 Scottica,
293 1041 333 1083 ne
356 1018 485 1083 Pictum
508 1023 691 1104 tremerem,
713 1042 754 1084 ne
777 1021 873 1085 litore
896 1025 968 1086 toto

112 1109 334 1193 Prospicerem
358 1108 464 1172 dubiis
487 1112 659 1172 venturum
683 1107 811 1173 Saxona
833 1110 939 1174 ventis
947 1111 964 1175 '.
1079 1129 1129 1179 000

181 1198 264 1262 Tum
287 1198 384 1281 spicis
408 1202 439 1261 et
464 1197 558 1261 dente
582 1219 689 1261 comas
713 1199 861 1262 inlustris
885 1198 1008 1264 eburno

112 1287 157 1352 Et
181 1287 284 1351 calido
307 1285 485 1350 rubicunda
509 1286 558 1349 die
582 1286 628 1349 010
651 1284 762 1350 Africa
786 1288 886 1352 fatur:

114 1375 307 1460 ‘Sperabam
328 1375 436 1438 nullas
459 1374 580 1438 trabeis
605 1373 741 1440 Gildone
764 1379 931 1459 perempto

111 1464 211 1530 Nasci
233 1485 329 1547 posse
351 1485 467 1527 moras.
504 1463 614 1528 Etiam
636 1486 722 1528 nunc
744 1465 800 1528 ille
823 1469 983 1552 repugnat

112 1553 157 1617 Et
180 1556 272 1617 tanto
296 1551 423 1616 dubitat
447 1552 550 1616 fasces
573 1552 725 1635 praebere
749 1553 929 1640 triumpho,
1043 1620 1046 1625 ,
1076 1574 1127 1624 200

113 1641 174 1718 Qui
197 1641 277 1705 mihi
300 1641 487 1705 Maurorum
509 1641 639 1725 penitus
662 1642 861 1706 lacrimabile
883 1664 1003 1709 nomen

110 1729 263 1817 Ignorare
287 1730 411 1794 dedit?'

446 1818 527 1882 Post
549 1817 608 1881 has
633 1817 786 1883 Oenotria
808 1819 906 1883 lentis

110 1907 243 1972 Vitibus
265 1908 455 1991 intorquens
479 1906 612 1970 hederas
635 1910 668 1970 et
689 1908 822 1991 palmite
845 1908 938 1995 largo

109 1996 195 2061 Vina
218 1997 334 2061 fluens:
358 1995 409 2061 ‘Si
432 2018 490 2060 vos
514 1996 592 2059 adeo
617 1994 795 2066 Stilichone
819 1997 946 2061 curules

108 2084 230 2172 Augeri
253 2086 415 2172 flagratis’
438 2084 484 2149 ait
508 2086 604 2168 ‘quas
628 2085 697 2148 sola
719 2085 828 2148 iuvare
1073 2105 1124 2156 aas

108 2175 208 2239 Fama
230 2178 352 2260 potest,
376 2177 497 2258 quanto
520 2195 572 2237 me
597 2172 725 2259 dignius
747 2173 863 2237 incitat
886 2174 994 2261 ardor,

108 2264 154 2329 Vt
176 2268 345 2348 praesente
367 2264 457 2326 fruar
480 2261 808 2345 conscendentemque
832 2262 977 2327 tribunal

106 2353 289 2435 Prosequar
312 2355 408 2434 atque
432 2350 508 2413 anni
530 2349 724 2432 pandentem
747 2350 889 2415 claustra
912 2351 1090 2419 salutem?'

175 2439 308 2503 Talibus
332 2440 493 2502 alternant
516 2438 632 2502 studiis
654 2438 855 2523 Romamque
877 2446 1061 2530 precantes,

106 2530 171 2594 Pro
195 2528 332 2614 cunctis,
355 2527 541 2612 hortantur,
565 2532 625 2591 eat.
661 2527 731 2592 Nec
755 2529 884 2615 segnius
907 2529 965 2594 illa
1070 2549 1121 2600 270

106 2618 219 2683 Paruit
243 2617 364 2703 officio,
387 2616 489 2700 raptis
514 2616 569 2680 sed
591 2616 741 2699 protinus
764 2617 861 2682 armis

107 2707 203 2772 Ocior
226 2728 359 2771 excusso
382 2727 440 2790 per
462 2704 575 2769 nubila
599 2705 700 2769 sidere
723 2705 839 2791 tendit,

105 2796 338 2862 Transvehitur
361 2795 483 2858 Tuscos
505 2793 781 2878 Appenninusque
804 2795 916 2859 volatu

106 2885 292 2972 Stringitur.
329 2885 491 2949 Eridanus
516 2883 609 2966 clipei
632 2883 697 2946 iam
721 2883 866 2969 fulgurat
888 2884 1017 2972 umbra3

107 2974 263 3040 Constitit
286 2978 360 3038 ante
384 2974 497 3037 ducem
519 2972 633 3036 tetrica
655 2993 714 3035 neo
736 2971 867 3036 Pallade
890 2973 1018 3039 vultum
1068 2991 1120 3042 275

104 3064 254 3128 Deterior
275 3085 334 3127 neo
357 3062 462 3126 Marte
485 3061 598 3126 minor.
636 3060 758 3125 Tremit
782 3061 859 3125 orbe
883 3083 1016 3128 corusco

103 3151 173 3218 Iam
197 3153 310 3217 domus
334 3155 366 3216 et
390 3172 533 3215 summae
556 3153 695 3236 tangunt
718 3149 881 3233 laquearia
905 3151 1035 3239 cristae,

104 3242 187 3307 Tum
209 3242 299 3326 prior
322 3240 498 3305 attonitum
520 3240 623 3326 gratis
646 3239 754 3302 adfata
778 3239 943 3322 querellis:

172 3329 352 3416 ‘Servatas,
376 3328 526 3415 Stilicho,
549 3351 607 3412 per
629 3332 675 3414 te,
698 3328 890 3414 venerande,
913 3329 1055 3417 curules,

104 3418 242 3484 Ornatas
265 3419 402 3483 necdum
424 3418 536 3482 fateor.
575 3417 658 3494 Quid
680 3417 805 3500 profuit
828 3417 904 3481 anni
1066 3437 1119 3486 280

93 3507 253 3574 Serrilem
276 3508 443 3595 pepulisse
465 3507 600 3575 notam?
635 3505 789 3572 Delendis
812 3506 984 3592 honorem,
