2438 3832
377 153 662 209 louorluouus
681 153 859 212 carricare,
1024 113 1132 210 x'xxu

105 319 157 370 189
177 315 291 385 imbuit]
313 312 506 368 dubitationes
529 330 593 369 suas
611 314 673 384 ipse
693 313 733 369 Bi.
752 313 874 368 removit
891 315 922 368 in
941 314 1043 383 indice,
1063 331 1127 369 con-

178 384 272 438 ferens
291 384 376 453 Rapt.
392 385 476 440 1193.

103 462 156 510 402
177 455 276 526 Meter]
296 456 332 509 cf.
351 455 534 510 Stoeokerum
553 455 571 511 l.
586 455 604 511 l.
624 474 651 525 p.
668 461 782 510 29-31.
817 471 900 525 porro
920 455 1126 510 adlectionem

175 529 323 650 recgptam
343 525 444 580 ducere
462 526 595 581 videntur
613 526 792 596 corruptelae
810 543 858 592 pec
872 533 905 581 ta
918 526 948 579 in
962 526 984 578 P
999 532 1027 581 et
1043 529 1133 583 mechi-

174 615 207 652 m
251 638 257 649 .

104 674 154 724 471
167 668 243 740 sqq]
262 666 449 737 transpositio
467 684 597 722 versuum
612 673 754 722 471-473
774 669 840 736 post
853 684 965 721 versum
979 671 1031 721 483
1050 685 1126 722 com·

174 738 329 792 mendatur
347 739 376 792 et
394 740 559 807 argomento
584 738 660 806 quod
678 739 720 792 Bi.
739 737 859 807 protulit
883 740 912 792 et
934 738 987 792 hac
1011 738 1125 793 ratioci-

175 809 307 864 natione:
326 808 454 863 versibus
473 810 547 863 enim
566 813 708 863 466-470
728 809 762 862 de
777 825 901 876 quanam
915 813 1000 878 gente
1015 812 1125 878 agatur,

176 880 293 935 omnino
316 880 346 933 in
371 880 478 934 incerto
506 880 637 934 relictum
660 884 711 934 est.
749 879 848 933 debuit
870 879 959 950 igitur
981 879 1040 934 iam
1062 880 1125 950 ipsa

175 967 248 1020 gens
276 950 381 1006 induci.
423 950 545 1019 denique
572 969 598 1006 v.
618 955 670 1004 476
698 950 814 1004 vocibus
838 968 891 1020 per
918 957 943 1006 te
969 951 1126 1006 Honorium

174 1024 264 1092 poeta
282 1021 457 1090 adloquitur,
482 1022 559 1090 quod
576 1020 689 1075 facilius
708 1020 906 1089 tolerabimus,
926 1021 1025 1076 sinon
1044 1039 1124 1091 prae-

174 1092 254 1147 cedit
280 1091 423 1146 invocatio
452 1093 482 1146 et
508 1091 638 1146 evocatio
665 1092 791 1162 Ephyres
820 1094 849 1145 et
877 1093 965 1146 totius
991 1092 1125 1148 Graeciae

174 1181 202 1219 v.
217 1168 270 1217 471
281 1180 352 1231 sqq,
370 1179 442 1231 quae
459 1162 585 1218 vocativi
603 1179 692 1232 paene
711 1163 769 1216 vim
788 1162 902 1218 habent.

100 1240 153 1291 481
174 1234 257 1305 arca]
276 1233 316 1287 sic
329 1233 384 1287 'PB
403 1233 480 1302 quod
497 1233 676 1303 praeoptavi3
696 1241 761 1289 acta
779 1233 864 1300 enim,
883 1233 959 1303 quod
977 1233 1123 1289 meliorem

173 1305 376 1359 auctoritatem
401 1304 499 1373 habet,
529 1305 597 1373 quid
621 1304 677 1358 sibi
699 1305 770 1358 velit
792 1303 884 1358 minus
909 1305 1049 1373 adsequor
1071 1323 1123 1360 nec

175 1375 248 1429 alibi
267 1375 310 1429 de.
322 1392 412 1444 aquae
430 1376 517 1429 ductu
536 1377 702 1444 usurpatum
719 1377 836 1445 reperio

101 1453 154 1502 500
173 1447 212 1518 ct]
232 1446 267 1500 de
285 1447 339 1500 hae
360 1446 500 1516 scripture
521 1462 579 1500 non
602 1448 646 1500 est
669 1445 870 1514 dubitandum
899 1463 965 1500 nam
989 1446 1065 1514 quod
1089 1463 1123 1500 ex

172 1516 331 1588 isengrinio
349 1533 377 1572 es
394 1516 532 1586 adfertur,
557 1517 610 1571 hoc
628 1516 678 1570 ille
701 1517 823 1586 sumpsit
846 1533 880 1571 ex
900 1516 1042 1584 Camerte,
1066 1535 1123 1586 qua

171 1605 205 1644 re
232 1589 291 1642 fere
319 1588 409 1642 omnis
438 1587 592 1642 auctoritas
619 1587 751 1643 lectionis
779 1587 892 1643 tollitur
915 1587 950 1642 cf.
969 1587 1012 1643 Bi.
1032 1588 1121 1657 praef.

195 1659 288 1715 ,CXC
306 1677 333 1714 n.
349 1666 373 1713 3.
593 1669 598 1679 ’
742 1657 746 1666 ’

100 1737 152 1787 121
171 1678 355 1800 {amenaque
372 1737 437 1785 octo
453 1732 590 1802 moratur]
610 1730 646 1784 ad
666 1745 708 1799 ea,
727 1746 800 1797 quae
819 1729 895 1798 apud
913 1728 957 1785 Bi.
978 1729 1121 1799 adnotavi,

173 1801 247 1855 adde
267 1800 355 1855 etiam
373 1800 435 1858 Stil.
451 1801 551 1856 11226.

101 1878 153 1928 604
172 1873 360 1942 dubitassent]
384 1872 425 1925 sic
447 1871 470 1925 X
494 1889 557 1926 cum
579 1873 635 1926 ΡΑ
658 1888 714 1926 non
737 1871 843 1926 frustra
865 1870 999 1937 tradidit;
1027 1870 1120 1939 turpis

171 1942 249 1998 enim
267 1946 343 1996 esset
360 1941 475 1996 iteratio
494 1942 583 1997 nimia
602 1943 792 1997 clausularum
805 1942 836 1996 in
849 1943 1021 2009 mansferret,
1040 1943 1119 1997 dabi-

170 2019 273 2082 tareat,
289 2015 422 2082 sererent,
439 2015 519 2069 irent.
553 2014 593 2068 sic
612 2014 699 2068 etiam
714 2032 736 2068 e.
751 2032 779 2084 g.
797 2013 859 2070 Stil.
874 2015 887 2067 Ι
902 2018 954 2066 178
965 2029 1026 2080 sqq.
1041 2012 1120 2067 iuxta

171 2086 306 2154 leguntur
349 2091 475 2140 aeternat
502 2087 532 2139 et
555 2091 750 2154 penetrassent.
798 2087 922 2138 ceterum
950 2087 1049 2137 contra
1077 2099 1118 2148 ea,

170 2170 246 2224 quae
264 2155 340 2208 Buec
362 2154 454 2208 elerus
473 2155 549 2224 apud
568 2155 687 2208 Birtium
704 2156 860 2224 proposuit,
879 2170 981 2207 moneo
997 2153 1119 2207 subiecti

169 2225 316 2280 notionem
330 2226 366 2279 ad
380 2227 551 2282 dubitassent
565 2225 719 2280 desiderari
731 2241 788 2279 non
802 2241 897 2294 posse;
918 2239 1029 2293 semper
1042 2223 1118 2278 enim

169 2296 201 2350 in
219 2297 319 2350 harum
339 2297 542 2351 sententiarum
561 2295 765 2365 compositione
784 2295 911 2350 subiecta
930 2311 1063 2363 expressa
1078 2297 1119 2349 vi·

169 2368 282 2421 demus:
301 2367 403 2439 Lydia,
423 2368 514 2440 Nysa,
534 2369 651 2423 blandae
670 2369 761 2438 tipres.

98 2445 148 2493 626
172 2435 339 2508 Odothaeus}
357 2437 501 2507 rescripsi,
522 2439 557 2493 cf.
576 2437 659 2491 Birtii
678 2438 801 2492 indicem
821 2455 842 2493 s.
856 2456 883 2493 v.

334 2599 554 2687 Panegyricus
576 2598 691 2664 Manlii
714 2599 884 2664 Theodori.

112 2721 203 2793 praef.
221 2726 235 2775 1
255 2721 360 2792 tautae]
390 2738 425 2776 ex
451 2722 511 2776 solo
539 2720 565 2774 V
592 2720 653 2790 ipse
681 2736 792 2789 quoque
820 2719 928 2789 recepi;
957 2722 1051 2776 doctae
1079 2741 1113 2790 ‘93

255 2791 384 2846 doctrina
405 2809 471 2847 vcro
492 2795 522 2847 in
545 2791 590 2845 his
613 2790 681 2846 viris
705 2794 737 2845 ut
759 2807 810 2860 per
833 2807 863 2844 se
886 2790 1115 2860 intellegebatur,

255 2861 297 2917 ita
318 2878 354 2916 ne
373 2865 474 2933 postea
497 2862 612 2931 quidem
629 2880 656 2918 v.
672 2869 686 2917 7
707 2866 736 2916 et
755 2868 771 2916 8
789 2877 806 2915 a
825 2863 912 2930 poeta
934 2864 1114 2931 memoratur,

256 2933 307 2987 sed
325 2933 385 2988 sola
402 2933 546 2988 maiestas.

201 3009 235 3059 18
253 3006 340 3076 eoba]
360 3004 493 3060 maiestas
513 3007 609 3059 coetus
627 3003 714 3069 illius,
734 3002 779 3056 cui
796 3002 937 3073 praelegit
954 3004 1039 3072 poeta
1053 3019 1115 3057 car-

254 3092 320 3129 men
338 3093 431 3144 suum,
456 3075 537 3145 quasi
559 3077 656 3129 thema
673 3076 761 3128 totius
784 3073 969 3142 praefationis
994 3073 1115 3127 dicenda

256 3149 300 3201 cst
317 3162 407 3215 neque
425 3163 542 3216 usquam
557 3146 703 3200 consulum
716 3144 763 3198 vel
777 3145 939 3198 consulatus
955 3144 1055 3198 Manlii
1069 3144 1114 3198 his

255 3216 285 3270 in
302 3216 429 3272 versibus
451 3217 558 3271 mentio
580 3217 620 3272 fit.
655 3216 751 3283 itaque
774 3231 842 3269 voce
865 3218 940 3271 uobis
963 3215 1113 3270 concilium

256 3291 407 3358 augustum
432 3289 492 3342 sine
515 3286 601 3343 dubio
625 3285 788 3355 adloquitur
809 3288 896 3355 poeta
918 3286 953 3340 cf.
979 3302 1051 3354 quae
1070 3285 1113 3341 Bi.

255 3358 385 3429 exposuit
402 3357 433 3411 in
449 3359 538 3427 praef.
557 3377 585 3428 p.
599 3358 663 3412 XIX
682 3362 712 3411 et
729 3357 846 3410 XXXIV
861 3357 923 3412 adn.
940 3365 964 3411 3.

96 3447 199 3502 paneg.
215 3433 233 3484 8
251 3431 289 3485 ad
305 3431 387 3498 ruffo]
406 3429 519 3498 egregie
541 3431 571 3483 ni
593 3428 678 3482 fallor
700 3427 804 3496 aliquis
827 3431 955 3482 vetorum
978 3425 1113 3493 coniecit,

253 3498 320 3555 libri
338 3518 356 3555 a
374 3515 445 3556 rare
475 3501 565 3572 patet,
585 3498 729 3572 siquidem
746 3497 888 3558 concinne
904 3497 996 3569 loopi
1006 3497 1132 3554 nomnen

884 3592 922 3650 (ᾖ
