2438 3832
131 133 194 198 186
453 132 598 188 cLAvou
616 133 815 188 CLAVDIANI

126 295 288 379 Expertas
311 295 445 360 horrens
469 295 607 381 aquilas3
631 297 804 360 comitatur
827 300 956 360 euntem

127 384 238 448 Pallor
261 389 293 449 et
316 389 387 448 atra
408 383 524 449 Fames
548 388 580 448 et
604 384 712 449 saucia
735 384 853 449 11111133
878 407 934 449 013

126 473 248 538 Luctus
272 477 303 537 et
326 473 453 538 inferno
477 473 650 537 stridentes
674 474 802 560 agmine
825 473 941 538 Morbi.

125 561 309 626 Lustralem
331 567 401 626 tum
424 562 486 626 rite
509 563 625 647 facem,
649 563 701 626 cui
724 562 833 627 lumen
856 562 991 628 odorum

127 648 288 734 Sulphure
312 651 457 716 caeruleo
480 651 640 737 nigroque
663 651 822 715 bitumine
845 652 959 737 fumat,
1091 672 1146 723 325

128 737 257 802 Circum
279 740 423 804 membra
446 744 534 803 rotat
557 739 671 804 doctus
694 739 862 826 purganda
886 740 1034 806 sacerdos

126 827 212 891 Rore
234 828 288 910 pio
313 851 481 914 spargens,
505 832 537 892 et
561 828 630 892 dira
653 829 844 915 fugantibus
867 830 977 894 herbis

124 915 267 981 Numina
290 917 524 1000 purificumque
547 916 656 981 Iovem
679 918 884 1002 Triviamque
898 923 1056 1002 precatus

125 1004 227 1069 Trans
251 1009 347 1089 caput
370 1005 491 1069 aversis
513 1006 663 1070 manibus
686 1007 846 1071 iaculatur
868 1007 903 1071 in
925 1007 1084 1074 Austrum

125 1093 240 1159 Secum
263 1097 413 1177 rapturas
437 1099 566 1159 cantata
589 1095 716 1178 piacula
739 1097 857 1160 taedas.
1088 1117 1144 1166 330

191 1181 307 1247 Acrior
330 1182 453 1247 interea
475 1184 599 1247 visendi
621 1184 776 1268 principis
800 1184 895 1248 ardor

122 1269 279 1336 Accendit
302 1294 375 1335 cum
397 1272 491 1356 plebe
513 1276 621 1356 patres
645 1277 676 1336 et
700 1295 794 1356 saepe
817 1278 970 1359 negatum

123 1357 267 1445 Flagitat
291 1361 476 1446 adventum3
498 1383 557 1425 nec
580 1361 638 1424 tali
661 1361 793 1445 publica
815 1366 892 1425 vota

124 1445 290 1512 Consensu
313 1450 445 1512 tradunt
468 1449 555 1513 atavi
580 1449 716 1514 caluisse
739 1472 797 1534 per
818 1450 941 1535 urbem,

121 1537 240 1601 Dacica
263 1536 458 1620 bellipotens
482 1560 554 1603 cum
577 1538 718 1624 fregerat
741 1538 859 1622 leius
882 1560 971 1602 arma
1087 1558 1142 1608 335

122 1623 231 1709 Atque
253 1626 459 1712 indignantes
480 1627 516 1691 in
538 1628 609 1690 iura
632 1627 799 1713 redegerat
822 1626 950 1712 Arctos,

123 1713 203 1778 Cum
226 1715 328 1778 fasces
352 1715 478 1779 cinxere
500 1715 655 1800 Hypanin
677 1717 857 1799 mirataque
880 1716 968 1801 leges

120 1803 302 1868 Romanum
326 1804 451 1888 stupuit
474 1803 615 1868 Maeotia
639 1808 724 1869 terra
746 1804 899 1869 tribunal.

119 1890 189 1956 Nec
212 1893 313 1956 tantis
335 1892 459 1977 patriae
484 1893 599 1957 studiis
623 1893 663 1956 ad
685 1893 807 1977 templa
829 1897 972 1980 vocatus,

120 1980 267 2045 Clemens
290 1981 413 2066 Meroe,
436 1980 535 2066 redis,
559 2004 632 2045 cum
654 1982 807 2067 gentibus
830 1982 972 2067 undique
996 1982 1139 2051 cinctam

118 2069 220 2134 Exuit
242 2068 434 2153 Hesperiam
456 2069 589 2153 paribus
611 2069 756 2134 Fortuna
778 2071 916 2153 periclis.
1084 2091 1138 2140 341

117 2157 203 2222 Laus
222 2158 270 2222 ibi
288 2159 378 2222 nulla
397 2158 526 2244 ducum3
544 2181 620 2223 nam
638 2160 805 2223 flammeus
828 2159 932 2223 imber
954 2159 990 2224 in
1007 2160 1139 2228 hostem

117 2247 260 2332 Decidit3
283 2248 369 2311 hunc
392 2247 487 2312 dorso
511 2248 673 2331 trepidum
695 2248 840 2312 fumante
863 2248 988 2314 ferebat

116 2333 297 2399 Ambustus
321 2336 464 2421 sonipes3
486 2336 541 2399 hic
563 2336 748 2400 tabescente
771 2336 898 2400 solutus

117 2423 270 2489 Subsedit
292 2424 386 2510 galea
408 2425 645 2507 liquefactaque
667 2425 796 2510 fulgure
820 2425 928 2508 cuspis
1082 2445 1137 2496 345

119 2511 256 2576 Canduit
280 2517 311 2576 et
335 2512 454 2577 subitis
477 2514 597 2577 fluxere
619 2514 795 2597 vaporibus
819 2535 919 2578 enses.

117 2601 199 2665 Tum
222 2605 373 2666 contenta
396 2602 472 2686 polo
495 2602 644 2666 mortalis
666 2603 775 2667 nescia
798 2603 856 2666 teli

116 2689 231 2776 Pugna
254 2691 330 2755 fuit:
355 2689 516 2755 Chaldaea
538 2713 634 2776 mago
658 2713 715 2755 seu
738 2691 881 2755 carmina
903 2691 971 2756 ritu

115 2777 290 2843 Armavere
314 2780 403 2865 deos,
427 2802 496 2865 seu,
521 2780 607 2863 quod
630 2801 717 2864 reor,
742 2801 834 2843 omne
857 2779 1015 2845 Tonantis

116 2866 316 2951 Obsequium
338 2868 441 2933 Marci
463 2890 569 2932 mores
592 2872 725 2952 potuere
748 2868 871 2933 mereri.
1079 2888 1133 2939 350

114 2955 211 3022 Nunc
235 2979 363 3040 quoque
386 2957 581 3041 praesidium
604 2957 698 3021 Latio
721 2978 789 3022 non
811 2957 936 3022 deesset
960 2957 1102 3046 Olympi,

113 3045 273 3110 Deficeret
297 3047 325 3110 si
346 3051 459 3110 nostra
481 3069 609 3130 manus3
633 3046 688 3110 sed
710 3047 863 3130 providus
887 3047 998 3112 aether

113 3133 231 3200 Noluit
253 3135 394 3199 humano
418 3136 533 3200 titulos
556 3135 682 3199 auferre
704 3135 819 3220 labori,

113 3223 164 3288 Ne
187 3224 250 3288 tibi
268 3223 342 3309 iam,
364 3224 522 3309 princeps,
546 3224 649 3288 soceri
673 3224 788 3288 sudore
810 3229 970 3310 paratam,

115 3310 218 3389 Quam
240 3313 359 3377 meruit
381 3313 499 3398 virtus,
522 3313 682 3378 ambirent
705 3313 841 3378 fulmina
863 3315 999 3379 laurum.
1077 3331 1131 3382 355

181 3400 250 3465 lam
273 3402 394 3466 totiens
417 3402 510 3466 missi
532 3423 679 3486 proceres
703 3424 857 3486 responsa
880 3403 1027 3468 morandi

111 3489 336 3576 Rettulerant,
359 3490 459 3555 donec
482 3491 603 3556 differri
626 3491 757 3578 longius
780 3492 870 3556 urbis
