2438 3832
146 169 189 232 62
474 169 622 226 CLAVDII
640 172 839 228 CLAVDIANI

143 331 230 395 Dum
254 332 353 415 spado
377 332 517 398 Tiresias
541 339 774 419 enervatusque
796 334 976 420 Melampus
1108 355 1167 404 313

143 420 264 504 Reptat
287 421 327 485 ab
352 427 494 488 extremo
517 424 658 488 referens
682 424 812 488 oracula
834 423 920 489 Nilo.

210 508 425 594 Obstrepuere
449 512 557 576 avium
578 534 689 598 voces,
713 512 879 578 exhorruit
902 535 1005 577 annus

141 597 283 683 Nomen,
306 603 339 663 et
360 600 510 665 insanum
533 601 661 686 gemino
684 601 864 685 proclamat
886 602 927 665 ab
952 623 1006 666 ore

141 687 399 771 Eunuchumque
421 693 510 753 vetat
533 689 627 753 fastis
651 690 798 755 accedere
821 689 927 755 Ianus.

142 773 288 840 Sumeret
310 776 453 841 inlicitos
477 778 595 842 etenim
619 779 647 843 si
669 778 789 843 femina
811 778 928 864 fascea,
1104 797 1164 846 330

139 863 237 929 Esset
260 869 354 949 turpe
377 866 492 931 minus.
537 865 640 931 Medis
664 867 853 951 levibusque
877 866 1009 932 Sabaeis

139 950 282 1037 Imperat
303 954 357 1019 hic
380 976 489 1040 serua,
511 956 758 1041 reginarumque
782 956 842 1020 sub
867 957 964 1020 armis

138 1040 312 1106 Barbariae
334 1065 410 1127 pars
432 1065 549 1130 magna
571 1045 667 1110 iacet:
690 1059 770 1131 gens
789 1045 883 1108 nulla
905 1044 1075 1131 probatur,

138 1129 288 1195 Eunuchi
312 1153 393 1215 quae
417 1137 544 1217 sceptra
565 1134 657 1198 ferat.
703 1132 863 1218 Tritonia,
885 1133 1028 1219 Phoebe,

138 1218 250 1306 Terra,
274 1219 383 1307 Ceres,
407 1220 540 1307 Cybele,
562 1220 657 1308 luno,
680 1221 806 1286 Latona
829 1222 992 1286 coluntur:
1101 1240 1158 1288 333

136 1307 287 1373 Eunuchi
311 1331 392 1393 quae
414 1310 536 1394 templa
559 1310 622 1396 dei,
646 1332 726 1394 quas
749 1310 888 1374 vidimus
911 1311 1005 1375 aras?

135 1394 214 1462 Inde
238 1397 432 1483 sacerdotes3
454 1397 534 1463 haec
555 1399 657 1463 intrat
679 1403 811 1483 pectora
833 1399 998 1484 Phoebus3

134 1482 213 1550 Inde
237 1490 356 1550 canunt
378 1485 511 1572 Delphi,
534 1486 706 1552 Troianam
730 1488 799 1552 sola
821 1485 1000 1552 Minervam

134 1572 316 1660 Virginitas
338 1574 482 1639 Vestalis
505 1575 572 1640 adit
595 1576 803 1660 flammasque
826 1579 949 1640 tuetur:

133 1661 178 1726 Hi
200 1663 308 1727 nullas
331 1664 438 1728 meriti
461 1665 560 1728 vittas
584 1686 771 1748 semperque
794 1664 931 1748 profani.
1098 1683 1153 1731 330

132 1750 288 1816 Nascitur
310 1751 351 1817 ad
373 1751 515 1816 fructum
537 1753 654 1816 mulier
676 1753 863 1837 prolemque
886 1752 1043 1817 futuram:
1148 1776 1152 1783 ·

132 1839 204 1905 Hoc
226 1862 330 1927 genus
351 1841 519 1906 inventum
542 1845 592 1906 est
614 1845 652 1905 ut
675 1841 801 1906 serviat.
847 1839 996 1905 Herculis
1020 1863 1097 1906 arcu

134 1927 282 1994 Concidit
304 1929 496 2015 Hippolyte3
519 1930 624 1994 Danai
648 1929 759 2016 fugere
782 1929 966 2014 bipennem,

130 2017 349 2105 Penthesilea,
371 2023 473 2105 tuam3
497 2019 600 2083 claras
625 2017 832 2104 Carthaginis
855 2039 943 2082 arces

132 2106 281 2172 Creditur
303 2112 336 2173 et
359 2112 488 2173 centum
510 2108 615 2192 portis
638 2107 807 2190 Babylona
834 2106 1006 2190 superbam
1095 2124 1149 2173 333

129 2195 300 2261 Femineas
324 2197 480 2262 struxisse
503 2197 605 2261 labor.
652 2194 736 2273 Quid
757 2194 867 2259 nobile
890 2195 992 2280 gessit

129 2285 332 2351 Eunuchus?
356 2307 436 2370 quae
460 2285 546 2349 bella
568 2284 668 2349 tulit?
692 2304 772 2367 quas
796 2281 938 2347 condidit
961 2283 1080 2347 urbes?

128 2372 208 2438 IHas
230 2379 395 2458 praeterea
417 2394 525 2436 rorum
547 2377 664 2437 natura
687 2371 822 2457 creavit,

126 2461 199 2526 Hos
222 2462 324 2527 fecere
347 2483 475 2526 manus:
499 2483 555 2526 333
578 2462 682 2546 prima
706 2459 891 2526 Semiramis
914 2465 988 2525 astu

127 2549 273 2635 Assyriis
295 2551 430 2615 mentita
452 2550 572 2635 virum,
594 2572 635 2615 ne
657 2551 747 2614 vocis
770 2553 882 2613 acutae
1093 2566 1147 2614 340

127 2637 283 2704 Mollities
306 2639 430 2704 levesve
454 2661 555 2726 genae
579 2661 613 2703 se
635 2639 769 2723 prodere
792 2641 940 2722 possent,

125 2727 198 2794 Hos
221 2729 284 2793 sibi
307 2728 474 2792 coniunxit
497 2727 633 2812 similes3
657 2748 714 2791 seu
735 2726 887 2790 Parthica
910 2725 995 2790 ferro

124 2817 283 2882 Luxuries
305 2817 409 2881 votuit
430 2818 521 2882 nasci
543 2816 708 2902 lanuginis
730 2816 878 2879 umbram

126 2904 323 2989 Servatoque
346 2904 402 2968 diu
423 2905 540 2991 puerili
563 2905 642 2969 flore
666 2903 772 2990 coegit
802 2906 805 2912 '

124 2993 204 3059 Arte
228 2994 423 3059 retardatam
445 2994 564 3058 Veneri
588 2993 708 3058 serviro
730 2993 903 3056 iuventam.
1090 3007 1144 3058 333

189 3082 290 3148 Fama
311 3083 403 3167 prius
426 3082 509 3148 falso
533 3082 650 3147 similis
673 3103 820 3164 vanoque
842 3079 943 3143 videri

122 3171 214 3238 Ficta
236 3172 322 3258 ioco;
345 3172 447 3237 levior
468 3172 604 3237 volitare
627 3194 685 3257 per
708 3170 826 3255 oppida
848 3189 958 3232 rumor

121 3261 295 3346 Riderique
317 3261 423 3326 nefas:
446 3261 547 3326 veluti
568 3259 776 3349 nigrantibus
799 3257 859 3321 alis

121 3349 298 3415 Audiretur
321 3350 406 3436 olor,
429 3371 525 3415 corvo
548 3355 691 3416 certante
714 3347 870 3435 ligustris.

121 3437 231 3523 Atque
254 3439 373 3523 aliquis
395 3439 526 3527 gravior
548 3461 688 3504 morum:
713 3438 752 3501 ‘si
776 3437 911 3522 talibus,
934 3435 1055 3523 inquit,
1087 3451 1141 3516 330

114 3526 269 3590 Creditur
289 3532 326 3592 et
343 3528 457 3594 nimiis
481 3532 614 3617 turgent
636 3526 801 3593 mendacia
822 3526 991 3614 monstris,
