2438 3832
127 157 169 222 26
459 157 606 212 CLAVDII
626 157 825 214 CLAVDIANI

127 319 314 406 Amplexus,
359 320 545 405 Numquam
567 325 678 385 tantae
701 320 825 385 dicione
848 321 909 385 sub
931 345 996 387 una

129 410 313 475 Convenere
335 431 450 474 manus
472 432 531 474 uec
553 414 604 475 tot
627 409 813 474 discrimina
834 432 962 476 vocum:

126 497 222 564 Illinc
244 497 415 563 Armeniae
437 498 573 563 vibratis
597 498 740 563 crinibus
762 499 832 564 0100

127 588 272 653 Herbida
295 588 447 652 collectae
470 587 558 652 facili
581 587 740 653 velamina
762 587 861 674 nodo;

127 677 205 743 Inde
227 680 335 741 truces
357 677 442 741 flavo
466 676 662 741 comitantur
684 677 803 742 vertice
827 675 923 762 Galli,
951 709 952 713 ¹
1092 695 1144 743 110

128 765 216 843 Quos
238 764 416 829 Rhodanus
439 765 547 851 velox,
568 763 682 829 Araris
706 786 788 848 quos
810 765 934 830 tardior
957 765 1059 831 ambit

127 855 173 919 Et
196 876 277 938 quos
300 858 469 919 nascentes
496 854 643 938 explorat
666 854 797 940 gurgite
820 853 953 936 Rhenus

128 942 280 1026 Quosque
304 943 389 1028 rigat
412 946 499 1007 retro
522 942 683 1027 pernicior
705 942 791 1006 unda
816 941 995 1029 Garunnae,

129 1030 247 1096 Oceani
269 1031 365 1115 pleno
389 1031 538 1114 quotiens
561 1031 740 1116 impellitur
762 1034 862 1095 aestu.

127 1121 220 1185 Mens
243 1120 353 1185 eadem
376 1120 501 1184 cunctis
524 1119 687 1205 animique
709 1118 850 1184 recentia
872 1124 998 1202 ponunt
1092 1138 1144 1185 110

127 1209 285 1295 Vulnera3
307 1231 375 1273 non
399 1209 466 1273 odit
488 1208 595 1273 victus
616 1209 760 1273 victorve
784 1208 938 1292 superbit.

127 1299 173 1362 Et
197 1296 343 1381 quamvis
366 1320 518 1382 praesens
541 1302 650 1362 tumor
673 1301 704 1361 et
728 1296 837 1362 civilia
858 1319 962 1382 nuper

128 1385 270 1452 Classica
292 1385 508 1469 bellatrixque
530 1385 715 1450 etiamnunc
736 1385 785 1449 ira
808 1385 935 1470 caleret,

126 1475 166 1540 In
188 1475 278 1538 ducis
302 1473 411 1538 eximii
435 1474 658 1559 conspiravere
681 1474 832 1539 favorem.
1104 1557 1107 1560 ἦ

126 1563 223 1629 Haud
245 1562 340 1627 aliter
362 1563 491 1627 Xerxen
513 1567 584 1627 toto
609 1562 707 1627 simul
730 1563 807 1627 orbe
831 1567 960 1627 secutus
1092 1580 1144 1629 100

125 1652 287 1718 Narratur
309 1651 454 1736 rapuisse
477 1673 577 1738 vagos
601 1650 760 1716 exercitus
783 1673 893 1716 amnes

125 1741 171 1806 111
193 1740 269 1805 telis
292 1741 459 1805 umbrasse
483 1740 581 1824 diem,
604 1761 676 1804 curn
699 1739 858 1806 classibus
880 1739 943 1803 iret

126 1830 189 1897 Per
211 1830 364 1913 scopulos
387 1833 572 1912 tectumque
594 1827 691 1912 pedes
715 1831 933 1893 contemneret
956 1848 1084 1913 aequor.

192 1918 259 1983 Vix
281 1916 382 2000 Alpes
404 1938 554 2003 egressus
577 1920 646 1980 erat
668 1938 727 1981 nec
749 1917 814 1981 iam
837 1916 976 2000 amplius
1000 1920 1085 1980 errat

126 2008 291 2072 Barbarus
314 2005 549 2088 adventumque
571 2005 689 2069 timens
713 2026 747 2069 se
770 2005 859 2092 cogit
881 2005 916 2069 in
938 2027 1037 2069 unam
1093 2021 1144 2070 125

126 2095 300 2161 Planitiem
323 2098 460 2178 tutoque
482 2093 619 2159 includit
641 2114 761 2178 pascua
783 2115 879 2180 gyro:

127 2185 211 2250 Tum
234 2183 353 2268 duplici
377 2184 465 2248 fossa
486 2205 554 2247 non
577 2182 781 2267 exuperabile
802 2181 925 2247 vallum

127 2274 268 2358 Asperat
290 2272 423 2337 alternis
448 2271 581 2336 sudibus
604 2271 753 2354 murique
775 2272 882 2335 locata

127 2362 167 2428 ln
190 2361 329 2446 speeiem
352 2360 453 2424 caesis
477 2359 624 2424 obtendit
646 2359 793 2444 plaustra
814 2358 965 2424 iuvencis.

194 2447 240 2513 At
262 2449 377 2532 procul
399 2448 555 2535 exanguis
577 2448 732 2513 Rufinum
754 2448 893 2533 perculit
915 2448 1043 2533 horror3
1094 2465 1144 2514 100

128 2537 271 2603 infectae
293 2537 417 2621 pallore
440 2559 554 2624 genae3
578 2537 670 2602 stetit
693 2558 748 2602 ore
770 2537 879 2623 gelato

128 2627 275 2693 Incertus
298 2629 462 2710 peteretne
485 2626 606 2712 fugam,
628 2625 797 2690 veniamne
820 2625 974 2689 subactus

128 2716 280 2780 Posceret
303 2737 346 2779 au
367 2715 450 2778 fidos
474 2736 543 2778 sese
565 2713 756 2778 transferret
778 2714 814 2778 in
835 2714 954 2778 hostes.

130 2804 214 2882 Quid
236 2826 323 2869 nunc
345 2802 487 2888 divitiae,
511 2802 588 2886 quid
610 2802 693 2866 fulvi
715 2806 808 2866 vasta
829 2800 979 2867 metalli'

131 2893 319 2980 (longeriae,
343 2892 422 2975 quid
444 2891 615 2976 purpureis
638 2890 750 2954 effulta
774 2891 932 2955 columnis
1094 2907 1144 2956 100

128 2980 224 3046 Α1110
246 2981 431 3066 prolataeve
454 2981 566 3045 iuvant
590 2978 631 3043 ad
654 2979 759 3043 sidera
781 2979 905 3044 moles?

129 3069 232 3135 Audit
254 3071 317 3134 iter
339 3073 551 3154 numeratque
574 3068 643 3132 dies
667 3068 837 3152 spatioque
859 3067 985 3132 viarum

129 3157 265 3224 Metitur
287 3158 398 3224 vitam.
443 3157 626 3241 Torquetur
648 3178 727 3242 paee
748 3157 859 3220 futura

128 3246 198 3312 Nec
219 3247 335 3331 recipit
358 3268 490 3310 somnos
513 3250 544 3310 et
568 3267 663 3330 saepe
686 3244 848 3309 cubilibus
871 3266 981 3308 amens

129 3335 306 3400 Excutitur
327 3356 529 3420 poenamque
551 3334 614 3399 luit
636 3332 808 3399 formidine
831 3354 962 3417 poenae.
1095 3349 1146 3398 140

130 3423 195 3490 Sed
216 3424 304 3488 redit.
321 3424 356 3487 in
378 3423 494 3488 faciem
517 3423 736 3505 scelerumque
758 3421 887 3485 inmane
909 3421 1046 3485 resumit

124 3511 300 3598 Ingenium
324 3533 495 3596 sacrasque
518 3512 604 3576 10100
627 3509 816 3595 praedivitis
840 3510 932 3573 aulae
