2438 3832
92 154 212 226 (XXIV.)
231 153 279 207 DE
299 152 448 210 CONSVL.
468 153 693 210 STILICHONlS
712 153 821 209 LIBER
839 155 1003 212 TERTIVS.
1042 157 1107 222 167

91 317 251 401 Prospera
273 339 340 381 non
363 317 457 381 fessis
481 321 636 401 optantur
658 317 788 382 flamina
810 319 934 404 nautis,

91 406 137 471 Vt
162 411 238 470 tuus
263 406 432 490 adspectus
455 407 585 491 populo.
624 405 711 483 Quae
733 407 864 470 numine
888 411 980 472 tanto

91 496 204 560 Litora
226 494 374 559 fatidicas
398 495 554 559 attollunt
576 495 670 559 Delia
692 494 817 580 laurus,

91 583 230 648 Venturi
253 584 403 667 quotiens
426 584 559 648 adfulsit
582 582 745 667 Apollinis
768 585 884 649 arcus?
1073 604 1109 654 so

92 672 181 748 Quae
205 674 250 737 sic
273 673 412 737 aurifero
435 672 562 737 Pactoli
585 673 675 737 fonte
698 673 849 737 tumescit

91 761 207 847 Lydia,
230 785 303 826 cum
327 762 457 826 domitis
481 762 629 846 adparuit
652 761 779 826 Euhius
802 759 913 827 Indis?

91 849 209 915 Nonne
231 851 320 914 vides
344 855 376 915 11
398 850 492 935 plebe
515 852 584 914 vias
608 855 640 914 et
662 855 748 915 tecta
770 851 870 915 latere

92 938 275 1003 Matribus?
311 939 386 1025 His,
410 938 561 1025 Stilicho,
585 940 708 1004 cunctis
731 940 863 1023 inopina
886 941 1004 1005 reluxit

92 1027 137 1090 Te
160 1029 282 1092 victore
306 1029 406 1092 salus!
444 1027 574 1112 Septem
597 1029 804 1112 circumspice
828 1033 968 1114 montes,
1072 1046 1107 1096 65

92 1115 155 1192 Qui
179 1117 257 1181 solis
281 1118 388 1181 radios
411 1118 481 1181 auri
504 1117 631 1204 fulgore
654 1117 831 1202 lacessunt,

91 1202 290 1289 Indutosque
314 1228 407 1270 arcus
430 1206 543 1290 spoliis
566 1210 765 1290 aequataque
788 1206 909 1289 templa

91 1293 244 1358 Nubibus
267 1299 300 1359 et
324 1295 479 1378 quidquid
502 1296 586 1359 tanti
609 1299 753 1359 stnrxere
776 1294 941 1378 triumphi.

92 1380 257 1458 Quantum
279 1384 454 1469 profueris,
477 1388 631 1467 quantam
655 1384 831 1448 servaveris
854 1384 981 1470 urbem,

92 1470 253 1536 Attonitis
276 1473 389 1536 metire
413 1474 524 1538 oculis.
560 1472 649 1536 Haec
672 1472 783 1538 fabula
807 1477 891 1538 certe
1075 1490 1109 1541 το

94 1559 218 1624 Cuncta
240 1560 361 1646 forent,
385 1562 412 1625 si
434 1561 563 1626 Poenus
587 1561 690 1626 adhuc
713 1562 913 1626 incumberet
936 1560 1067 1627 Austro.

159 1649 232 1714 Mos
256 1653 324 1714 erat
346 1651 382 1714 in
404 1654 548 1714 veterum
572 1651 699 1736 castris,
722 1655 760 1714 ut
783 1655 929 1735 tempora
953 1673 1072 1734 quercu

91 1737 237 1823 Velaret‚
260 1739 375 1803 validis
398 1739 472 1804 fuso
497 1741 552 1823 qui
575 1739 699 1804 viribus
722 1739 816 1804 hoste

93 1826 251 1891 Casurum
273 1829 382 1911 potuit
405 1829 503 1892 morti
526 1829 702 1893 subducere
726 1829 835 1893 civem.

92 1915 138 1979 At
162 1915 223 1979 tibi
248 1938 329 1999 quae
351 1917 472 2000 poterit
495 1939 554 2001 pro
577 1918 679 1982 tantis
703 1918 803 1982 civica
823 1917 912 1981 reddi
1075 1935 1109 1984 75

92 2004 288 2069 Moenibus?
312 2009 368 2069 aut
393 2009 531 2089 quantae
553 2006 737 2089 pensabunt
760 2006 846 2070 facta
869 2008 1028 2072 coronae?

92 2092 162 2157 Nec
186 2094 288 2157 solam
311 2094 424 2177 populi
446 2095 547 2158 vitam
570 2095 684 2159 debere
706 2094 828 2158 fatetur

92 2180 203 2246 Armis
226 2181 330 2245 Roma
353 2183 432 2266 tuis3
456 2183 524 2267 sed,
548 2205 611 2266 quo
634 2183 805 2247 iucundior
827 2187 912 2247 esset

92 2271 189 2335 Lucis
213 2271 389 2334 honoratae
412 2271 550 2356 fructus,
573 2270 755 2336 venerabile
778 2272 882 2335 famae

92 2359 224 2424 Pondus
248 2363 280 2423 11
303 2359 438 2423 amissas
461 2360 545 2423 vires
568 2364 600 2423 et
623 2381 722 2446 regna
745 2361 874 2443 recepit.
1074 2380 1109 2429 80

92 2447 163 2513 Iam
185 2470 252 2512 non
274 2448 468 2532 praetumidi
492 2447 628 2532 supplex
651 2447 793 2513 Orientis
805 2449 1004 2533 *ademptam

92 2537 225 2623 Legatis
248 2538 353 2621 poscit
376 2537 513 2620 Libyam
536 2536 715 2601 famulosve
738 2543 889 2621 precatur

93 2625 207 2712 (Dictu
230 2624 339 2713 turpe)
364 2648 452 2690 suos:
477 2626 533 2690 sed
555 2625 671 2690 robore
694 2626 777 2690 freta
802 2625 929 2691 Gabino

92 2715 139 2778 Te
162 2715 241 2778 duce
263 2715 411 2779 Romana
433 2714 563 2779 tandem
586 2736 619 2778 se
642 2715 784 2779 vindicat
807 2716 863 2780 ira.

93 2802 169 2888 Ipsa
191 2804 281 2867 iubet
305 2804 407 2890 signis
430 2803 655 2886 bellaturoque
678 2807 810 2889 togatus
854 2842 857 2848 ·
1075 2822 1110 2872 85

33 2937 38 2946 ·
93 2891 236 2976 Imperat
260 2896 292 2956 11
316 2897 462 2976 spectant
486 2893 613 2975 aquilae
636 2893 763 2957 decreta
787 2897 926 2958 senatus.

93 2979 169 3065 Ipsa
192 2981 254 3045 tibi
276 2981 404 3045 trabeas
427 2981 515 3045 ultro
539 2981 639 3066 dedit,
661 2981 733 3065 ipsa
756 2982 900 3045 curulem

92 3069 223 3135 Obtulit
246 3071 346 3134 ultori
369 3070 535 3153 fastosque
560 3092 673 3135 ornare
696 3070 830 3157 coegIt..

161 3159 219 3224 Nil
242 3159 347 3242 perdit
370 3159 494 3224 decoris
516 3159 614 3242 prisci
637 3181 696 3223 nec
718 3159 821 3223 libera
845 3159 971 3243 quaerit

94 3248 243 3333 Saecula,
268 3270 339 3312 cum
363 3248 460 3313 donet
484 3248 600 3331 fasces,
623 3270 696 3312 cum
718 3248 841 3331 proelia
863 3248 1006 3334 mandet3
1075 3267 1109 3315 so

94 3337 199 3420 Seque
223 3338 320 3401 etiam
344 3338 481 3401 crevisse
503 3337 599 3401 videt.
637 3334 716 3413 Quis
740 3336 864 3402 Gallica
886 3359 975 3422 rura,
1085 3410 1089 3417 Ι

95 3426 174 3502 Quis
197 3427 343 3490 meminit
365 3425 461 3491 Latio
485 3425 648 3491 Senonum
671 3426 807 3490 servisse
830 3425 978 3511 ligones?

93 3514 162 3580 Aut
187 3515 305 3599 quibus
329 3515 483 3599 exemplis
506 3513 642 3580 fecunda
664 3514 808 3600 Thybris
829 3514 872 3578 ab
899 3513 1002 3578 111111
