2438 3832
131 140 194 206 128
232 138 283 196 OIa
303 137 502 194 0LAVD1AN1
521 136 604 194 PAN.
623 137 671 192 DE
692 135 839 204 QVARTO
859 135 960 192 CONS.
980 135 1148 195 HONORII.

128 301 192 368 Per
214 305 272 366 tua
294 301 415 388 lanugo
439 322 512 365 eum
535 322 660 385 serpere
684 300 824 384 coeperit
848 322 919 386 ora,

131 390 213 456 Cum
235 390 297 454 tibi
319 389 492 474 protulerit
515 389 615 454 festas
637 412 704 454 nox
726 389 874 473 pronuba
897 389 1021 454 taedas!

131 479 219 557 Quae
242 479 302 543 tali
325 479 440 543 devota
462 482 550 564 toro,
573 500 654 563 quaa
677 478 798 542 murice
821 477 950 565 firlgens
1096 495 1149 546 645

129 567 197 634 Ibit
220 569 255 632 in
277 567 444 651 amplexus
467 568 551 632 tanti
574 568 685 654 regina
708 567 839 631 mariti?

132 657 297 735 Quaenam
319 659 369 721 tot
393 656 475 721 divis
498 657 605 721 veniat
627 678 744 741 nuruS,
768 655 918 720 omnibus
942 655 1027 720 arvis

130 745 176 811 Et
199 749 271 810 toto
296 745 443 810 donanda
465 746 569 810 mari?
593 749 797 829 quantusque
820 744 943 809 feretur

130 832 221 899 Idem
243 856 301 918 per
323 833 464 918 Zephyri
485 838 587 899 metas
610 833 816 918 Hymenaeus
840 838 872 899 et
894 833 991 899 Euri!

132 921 159 987 Ο
183 922 264 987 mihi
288 924 316 987 si
338 923 433 988 liceat
456 923 608 988 thalamis
631 923 796 988 intendere
820 944 949 988 carmen
1097 939 1150 990 650

134 1011 312 1077 Conubiale
336 1013 415 1099 tuis,
440 1013 468 1076 si
490 1017 523 1077 ta
546 1014 611 1077 iam
634 1012 738 1077 dicere
760 1014 898 1096 patrem!

131 1100 273 1185 Tempus
297 1102 372 1186 erit,
395 1124 468 1166 cum
490 1105 528 1166 tu
550 1106 641 1167 trans
664 1102 770 1166 Rheni
793 1123 913 1166 cornua
935 1102 1039 1167 vietor

132 1188 291 1255 Arcadius
315 1194 427 1275 captae
450 1191 563 1275 spoliis
586 1191 766 1276 Babylonis
790 1194 926 1255 onustus

134 1277 344 1344 Communem
366 1281 486 1345 maiore
509 1284 587 1367 toga
611 1280 783 1368 signabitis
806 1303 940 1364 annum3

134 1365 342 1451 crinitusque
364 1373 423 1433 tuo
447 1369 577 1433 sudabit
600 1369 686 1434 fasee
710 1368 850 1453 Suebus,
1097 1383 1151 1436 aab

132 1454 258 1520 Vltima
281 1457 441 1522 fraternas
464 1458 643 1523 horrebunt
665 1458 784 1523 Baetra
810 1479 945 1522 secures.

1044 1155 1053 1189 7
