2438 3832
97 170 214 226 XXXVI
368 166 653 223 ADNOTATIONES
672 165 844 222 cainiana.

168 331 267 398 poeta,
296 329 350 384 hoo
378 327 588 397 exprimendum
616 327 716 380 fuisse:
745 325 819 380 sieut
843 325 940 380 Honor
966 325 1055 379 ambit
1084 328 1113 380 et

167 400 292 469 vestigat
305 400 448 454 Virtutem
462 398 614 466 consulque
627 397 689 466 ipse
702 400 735 452 in
748 399 844 452 mediis
858 399 997 467 quaesitos
1010 400 1115 453 aratris

169 471 282 539 dicitur,
300 470 344 524 ita
357 469 441 524 lictor
455 485 565 537 quoque
579 468 644 535 fuit,
662 467 711 537 qui
724 468 879 538 vestigavit
894 467 1013 522 ambivit
1026 485 1115 537 quae-

169 541 236 596 sivit
256 541 400 595 consulem
418 541 557 604 futurum3
586 555 652 609 ergo
675 556 732 592 nou
757 557 775 594 0
792 556 857 594 rwre
880 541 1036 606 revertens,
1065 540 1115 593 sed

168 614 206 668 ad
224 631 294 667 rara
311 611 490 682 proficiscens
509 610 684 664 inducendus
703 608 766 664 fuit.

116 689 148 738 16
167 684 278 754 honori]
298 682 398 752 scripsi
415 682 537 736 Birtium
557 683 677 749 secutus,
696 698 752 735 non
766 681 880 749 tionem
898 697 964 734 nam
977 683 1070 736 animo
1085 684 1115 735 et

166 757 267 810 honore
286 752 407 808 ablativi
423 753 516 808 vicem
528 753 634 806 habere
649 754 801 819 nequeunt,
820 752 887 819 quia
902 751 1043 806 ablativus
1062 769 1115 822 quo

167 842 202 879 ex
216 826 289 880 011111
307 826 432 893 pendens
448 823 599 878 antecedit.
647 821 653 833 '
671 825 716 877 tus
731 824 828 876 autem
842 821 929 876 animi
945 822 1048 876 bonum
1063 826 1115 891 est,

168 895 301 964 splendor
320 894 443 950 honoris.

117 972 151 1022 18
170 966 292 1037 Strinxit]
307 965 367 1018 iure
381 964 488 1019 tradita
501 964 622 1019 lectione
640 965 741 1020 Traxit
753 962 809 1018 viri
823 964 901 1018 docti
913 964 1022 1018 turbati
1037 967 1115 1029 sunt3

169 1054 236 1090 nam
249 1039 308 1092 otta
322 1038 432 1091 trusit
445 1038 497 1091 iter
512 1052 602 1103 neque
617 1051 651 1089 ex
664 1053 717 1088 usu
732 1034 869 1104 seriptum
883 1037 927 1089 est
939 1052 1031 1104 neque
1047 1036 1117 1089 satis

170 1108 381 1176 convenienter;
405 1106 480 1159 inest
504 1106 578 1160 enim
604 1106 753 1175 despectus
772 1105 803 1158 in
820 1122 896 1160 voce.
931 1106 965 1160 de
985 1107 1118 1160 emenda·

169 1177 256 1232 tionis
276 1194 361 1246 quam
385 1177 559 1231 conabantur
581 1176 734 1246 propositis
757 1177 822 1231 vide
840 1176 973 1244 Rittium,
997 1194 1118 1246 quorum

169 1249 279 1302 nullum
301 1247 490 1318 persuadendi
512 1247 571 1301 uim
594 1248 698 1301 habere
725 1246 797 1301 mihi
821 1248 982 1317 videbatur,
1011 1248 1118 1319 quippe

171 1336 235 1374 oum
249 1318 385 1373 alitteris
399 1317 514 1372 traditis
532 1317 616 1371 nimis
633 1318 773 1373 abessent.
806 1321 903 1373 eontra
918 1320 1030 1376 §tranit-
1041 1320 1119 1389 quod

170 1389 270 1458 scripsi
288 1389 413 1459 proxime
433 1388 639 1443 adlectionem
661 1390 806 1458 vulgarem
830 1389 942 1444 aceedit
964 1393 993 1444 et
1014 1391 1118 1460 proba·

169 1461 313 1516 bilitatem
341 1459 419 1528 capit
444 1477 477 1514 ex
500 1459 691 1527 locutionibus
715 1460 854 1515 similibus
882 1460 958 1530 apud
982 1461 1118 1516 Senecam

169 1532 285 1600 Thyest.
305 1536 357 1584 810
378 1532 426 1586 010
448 1533 580 1599 struitur,
605 1531 680 1600 apud
703 1530 824 1585 Plinium
847 1537 1119 1602 pompelonem

169 1604 405 1657 instruendum
423 1603 482 1656 iltis
499 1604 565 1657 iter
585 1603 623 1657 ad
641 1604 739 1657 boream
756 1604 873 1671 famam,
893 1603 968 1673 apud
986 1602 1117 1660 Tacitum

169 1672 244 1726 Hist.
259 1673 298 1726 ΙΠ
312 1679 355 1740 49,
371 1679 386 1726 2
405 1673 482 1727 oiam'
497 1674 551 1727 sibi
569 1675 607 1728 od
621 1675 774 1743 potentiam
791 1680 902 1730 struere.
1026 1725 1029 1728 ,

118 1749 153 1798 50
172 1743 208 1798 de
226 1743 279 1797 hoe
297 1759 380 1797 versu
398 1743 463 1798 vide
482 1758 555 1812 quae
573 1744 669 1797 monui
687 1743 718 1797 in
736 1743 860 1798 editione
879 1761 990 1814 magna.

120 1819 153 1867 66
173 1815 302 1886 imponit]
322 1815 416 1868 confer
434 1813 477 1867 Bi.
496 1812 620 1868 indicem
638 1833 659 1870 s.
673 1833 699 1868 v.

119 1892 153 1940 67
171 1887 285 1956 secreta]
306 1884 468 1939 offensionis
486 1883 559 1938 nihil
576 1884 664 1939 habet
682 1884 746 1940 coll.
765 1903 790 1940 v.
806 1890 840 1939 84
859 1886 1008 1941 Graiorum
1022 1889 1116 1942 obsea-

171 1974 219 2011 100
239 1999 244 2010 .
261 2000 267 2010 .
284 2000 289 2011 .
309 1963 388 2023 artes,
408 1955 470 2009 Stil.
485 1956 499 2008 Ι
513 1961 546 2010 62
560 1963 661 2012 secretu
674 1958 747 2023 Beli,
760 1955 846 2009 Plinii
860 1955 932 2010 Hist.
947 1957 1014 2012 Nat.
1028 1957 1068 2027 pf.
1084 1964 1116 2012 17

171 2045 205 2082 ex
229 2028 341 2082 tectione
367 2029 549 2095 uoluminum,
577 2044 692 2098 quoram
715 2044 810 2096 panea
832 2029 978 2083 admodum
1000 2031 1119 2084 studiosi

172 2100 316 2168 ottiapwot
329 2105 470 2168 propter
487 2105 647 2153 secretum
665 2100 833 2153 materiae.

122 2174 155 2224 09
174 2170 299 2240 agmina]
318 2185 353 2223 ne
372 2168 434 2237 quis
454 2170 582 2240 dopmata
603 2168 720 2235 inferat,
745 2167 907 2222 meminerit
925 2186 1010 2237 quam
1032 2187 1117 2239 parce

173 2238 1116 2308 GraecisvooabulisusussitClaudianusofBipraef.p.Vllladn.4.

103 2315 153 2365 102
173 2311 279 2382 choros]
301 2313 354 2364 hoo
373 2312 472 2364 contra
489 2310 515 2362 V
533 2309 649 2376 retinui,
678 2309 727 2378 qui
750 2309 864 2377 quidem
886 2313 981 2375 otoo&
1009 2311 1059 2366 sed
1082 2313 1118 2367 de

173 2380 257 2448 chao,
285 2380 424 2448 quomodo
449 2379 602 2448 impulsum
620 2381 671 2447 sit,
699 2380 820 2434 hicnon
839 2380 940 2435 disseri
959 2382 1052 2436 elucet
1074 2400 1118 2451 eo,

173 2451 249 2520 quod
267 2451 338 2504 haec
357 2450 488 2519 quaestio
506 2468 574 2520 qnae
591 2451 633 2505 010
651 2453 792 2521 impulerit
810 2451 950 2506 artissime
968 2450 1019 2522 per
1033 2470 1118 2523 copu-

173 2522 231 2575 lam
250 2539 301 2592 que
318 2538 391 2575 nexa
409 2522 453 2574 est
471 2522 631 2589 quaestioni
650 2521 830 2590 praecedeuti
852 2540 921 2592 quoe
943 2527 985 2578 oie
1007 2527 1118 2580 anima-

172 2595 242 2649 oerit
260 2599 344 2648 astra.
376 2609 528 2660 numquam
547 2591 622 2645 enim
644 2608 747 2646 novam
770 2592 966 2660 quaestionem
988 2593 1044 2647 nisi
1068 2613 1119 2664 per

174 2663 331 2731 asyndeton
348 2664 435 2731 poeta
452 2662 568 2717 inducit.
601 2663 636 2717 de
656 2663 739 2716 astris
754 2665 849 2717 autem
863 2666 956 2720 eteros
971 2665 1118 2734 aptissime

172 2733 241 2804 poni
259 2736 359 2787 notum
377 2735 421 2788 est
440 2735 469 2788 et
487 2734 685 2788 eonferendum
703 2734 788 2803 Nupt.
809 2734 881 2789 Ho'n.
917 2735 937 2795 f,
953 2741 986 2789 16
1007 2738 1035 2790 01
1055 2737 1118 2794 Stil.

174 2805 244 2860 184.
272 2803 420 2860 ehororum
434 2806 529 2858 autem
542 2803 684 2858 mentione
699 2804 872 2874 indicaturi]
888 2803 1018 2887 apporia,
1033 2824 1120 2875 quam

174 2875 205 2930 in
224 2874 363 2930 sideribus
388 2875 520 2928 animatis
544 2874 638 2930 valere
661 2894 685 2930 e.
699 2893 726 2945 g.
747 2875 830 2930 docet
847 2876 976 2931 Plotinus
995 2877 1034 2931 lV
1048 2886 1078 2945 4,
1093 2885 1119 2934 8.

105 2950 156 3001 108
174 2947 279 3018 fracta]
298 2946 352 3000 hoo
369 2946 486 3000 verbum
505 2946 691 3000 audacissime
710 2947 835 3015 positum
853 2946 973 3001 Birtium
998 2949 1120 3018 seduxit,

175 3020 207 3072 ut
224 3020 301 3086 forta
319 3033 353 3071 ex
370 3017 394 3071 Β
414 3017 473 3072 solo
498 3016 661 3073 inculcaret.
698 3023 742 3072 est
764 3023 859 3072 autem
887 3017 1008 3072 audacia
1034 3019 1118 3075 haeoz

175 3087 301 3143 tonitrua
319 3088 447 3144 oriuntur
465 3089 532 3142 dum
554 3089 642 3143 nubes
665 3088 807 3158 frangitur
828 3091 925 3156 vento;
953 3089 999 3143 hie
1023 3095 1120 3145 autem

175 3158 239 3228 ipsa
256 3159 383 3214 tonitrua
400 3162 485 3214 vento
499 3159 591 3213 fracta
604 3158 731 3229 audiunt,
749 3159 849 3229 inquo
864 3161 987 3214 cernitur
1001 3161 1118 3230 putidus

174 3232 276 3300 poetae
295 3247 374 3285 amor
392 3230 487 3285 omnia
506 3229 710 3300 detorquenda¹

105 3305 157 3355 109
178 3300 258 3372 Quis]
278 3302 315 3355 ad
334 3303 449 3357 ventum
468 3301 517 3370 qni
539 3300 686 3371 praeeedit
705 3301 875 3355 trahendum
897 3301 969 3355 mihi
990 3303 1120 3372 persuasi

175 3371 295 3442 ideoque
313 3371 569 3442 interpunctionem
587 3371 702 3427 mutavi.

106 3447 156 3497 111
175 3443 274 3499 rutilos
291 3445 406 3514 tractus]
426 3443 461 3496 de
480 3443 533 3497 hoo
552 3443 615 3497 loco
629 3442 734 3497 Birtius
753 3443 822 3498 haec
840 3459 951 3497 mecum
965 3446 1119 3500 eommuni-

176 3513 264 3568 eavit:
284 3513 416 3570 ‘fortasse
434 3514 585 3584 legendum
603 3530 699 3580 oreus;
719 3516 794 3568 certe
811 3514 858 3568 hic
877 3515 955 3569 locus
973 3516 1008 3569 de
1022 3515 1120 3585 pluvio
